%YAML 1.1
%TAG !u! tag:unity3d.com,2011:
--- !u!1001 &100100000
Prefab:
  m_ObjectHideFlags: 1
  serializedVersion: 2
  m_Modification:
    m_TransformParent: {fileID: 0}
    m_Modifications: []
    m_RemovedComponents: []
  m_ParentPrefab: {fileID: 0}
  m_RootGameObject: {fileID: 1129630271640090}
  m_IsPrefabParent: 1
--- !u!1 &1002014700895882
GameObject:
  m_ObjectHideFlags: 1
  m_PrefabParentObject: {fileID: 0}
  m_PrefabInternal: {fileID: 100100000}
  serializedVersion: 5
  m_Component:
  - component: {fileID: 4980531224792396}
  m_Layer: 0
  m_Name: RightHandMiddle3
  m_TagString: Untagged
  m_Icon: {fileID: 0}
  m_NavMeshLayer: 0
  m_StaticEditorFlags: 0
  m_IsActive: 1
--- !u!1 &1011660543144608
GameObject:
  m_ObjectHideFlags: 1
  m_PrefabParentObject: {fileID: 0}
  m_PrefabInternal: {fileID: 100100000}
  serializedVersion: 5
  m_Component:
  - component: {fileID: 4800030724663938}
  m_Layer: 0
  m_Name: LeftHandThumb1
  m_TagString: Untagged
  m_Icon: {fileID: 0}
  m_NavMeshLayer: 0
  m_StaticEditorFlags: 0
  m_IsActive: 1
--- !u!1 &1031809138577878
GameObject:
  m_ObjectHideFlags: 1
  m_PrefabParentObject: {fileID: 0}
  m_PrefabInternal: {fileID: 100100000}
  serializedVersion: 5
  m_Component:
  - component: {fileID: 4414315664689178}
  m_Layer: 0
  m_Name: LeftFoot
  m_TagString: Untagged
  m_Icon: {fileID: 0}
  m_NavMeshLayer: 0
  m_StaticEditorFlags: 0
  m_IsActive: 1
--- !u!1 &1047365024597094
GameObject:
  m_ObjectHideFlags: 1
  m_PrefabParentObject: {fileID: 0}
  m_PrefabInternal: {fileID: 100100000}
  serializedVersion: 5
  m_Component:
  - component: {fileID: 4559545620199198}
  m_Layer: 0
  m_Name: RightLeg
  m_TagString: Untagged
  m_Icon: {fileID: 0}
  m_NavMeshLayer: 0
  m_StaticEditorFlags: 0
  m_IsActive: 1
--- !u!1 &1066882674218368
GameObject:
  m_ObjectHideFlags: 1
  m_PrefabParentObject: {fileID: 0}
  m_PrefabInternal: {fileID: 100100000}
  serializedVersion: 5
  m_Component:
  - component: {fileID: 4996656242139318}
  m_Layer: 0
  m_Name: Spine1
  m_TagString: Untagged
  m_Icon: {fileID: 0}
  m_NavMeshLayer: 0
  m_StaticEditorFlags: 0
  m_IsActive: 1
--- !u!1 &1067250396293214
GameObject:
  m_ObjectHideFlags: 1
  m_PrefabParentObject: {fileID: 0}
  m_PrefabInternal: {fileID: 100100000}
  serializedVersion: 5
  m_Component:
  - component: {fileID: 4752657023127616}
  m_Layer: 0
  m_Name: LeftArm
  m_TagString: Untagged
  m_Icon: {fileID: 0}
  m_NavMeshLayer: 0
  m_StaticEditorFlags: 0
  m_IsActive: 1
--- !u!1 &1074290645096938
GameObject:
  m_ObjectHideFlags: 1
  m_PrefabParentObject: {fileID: 0}
  m_PrefabInternal: {fileID: 100100000}
  serializedVersion: 5
  m_Component:
  - component: {fileID: 4035623773666954}
  m_Layer: 0
  m_Name: LeftHandIndex1
  m_TagString: Untagged
  m_Icon: {fileID: 0}
  m_NavMeshLayer: 0
  m_StaticEditorFlags: 0
  m_IsActive: 1
--- !u!1 &1076890622658786
GameObject:
  m_ObjectHideFlags: 1
  m_PrefabParentObject: {fileID: 0}
  m_PrefabInternal: {fileID: 100100000}
  serializedVersion: 5
  m_Component:
  - component: {fileID: 4412321097536384}
  m_Layer: 0
  m_Name: LeftHand
  m_TagString: Untagged
  m_Icon: {fileID: 0}
  m_NavMeshLayer: 0
  m_StaticEditorFlags: 0
  m_IsActive: 1
--- !u!1 &1099964125842134
GameObject:
  m_ObjectHideFlags: 1
  m_PrefabParentObject: {fileID: 0}
  m_PrefabInternal: {fileID: 100100000}
  serializedVersion: 5
  m_Component:
  - component: {fileID: 4358137815452780}
  m_Layer: 0
  m_Name: HeadTop_End
  m_TagString: Untagged
  m_Icon: {fileID: 0}
  m_NavMeshLayer: 0
  m_StaticEditorFlags: 0
  m_IsActive: 1
--- !u!1 &1129630271640090
GameObject:
  m_ObjectHideFlags: 0
  m_PrefabParentObject: {fileID: 0}
  m_PrefabInternal: {fileID: 100100000}
  serializedVersion: 5
  m_Component:
  - component: {fileID: 4220578365262170}
  - component: {fileID: 95785391680285378}
  - component: {fileID: 114617479294343804}
  - component: {fileID: 195035381830308424}
  - component: {fileID: 65808474765764236}
  - component: {fileID: 82943847353382510}
  - component: {fileID: 54838002406615640}
  m_Layer: 0
  m_Name: Zombie_Policia (1)
  m_TagString: Enemy_repos
  m_Icon: {fileID: 0}
  m_NavMeshLayer: 0
  m_StaticEditorFlags: 0
  m_IsActive: 1
--- !u!1 &1157082970115702
GameObject:
  m_ObjectHideFlags: 1
  m_PrefabParentObject: {fileID: 0}
  m_PrefabInternal: {fileID: 100100000}
  serializedVersion: 5
  m_Component:
  - component: {fileID: 4777856353980464}
  m_Layer: 0
  m_Name: RightHand
  m_TagString: Untagged
  m_Icon: {fileID: 0}
  m_NavMeshLayer: 0
  m_StaticEditorFlags: 0
  m_IsActive: 1
--- !u!1 &1157450884639070
GameObject:
  m_ObjectHideFlags: 1
  m_PrefabParentObject: {fileID: 0}
  m_PrefabInternal: {fileID: 100100000}
  serializedVersion: 5
  m_Component:
  - component: {fileID: 4086922822016356}
  m_Layer: 0
  m_Name: LeftHandIndex3
  m_TagString: Untagged
  m_Icon: {fileID: 0}
  m_NavMeshLayer: 0
  m_StaticEditorFlags: 0
  m_IsActive: 1
--- !u!1 &1205955626963092
GameObject:
  m_ObjectHideFlags: 1
  m_PrefabParentObject: {fileID: 0}
  m_PrefabInternal: {fileID: 100100000}
  serializedVersion: 5
  m_Component:
  - component: {fileID: 4693060824610300}
  m_Layer: 0
  m_Name: LeftHandThumb2
  m_TagString: Untagged
  m_Icon: {fileID: 0}
  m_NavMeshLayer: 0
  m_StaticEditorFlags: 0
  m_IsActive: 1
--- !u!1 &1251971298063158
GameObject:
  m_ObjectHideFlags: 1
  m_PrefabParentObject: {fileID: 0}
  m_PrefabInternal: {fileID: 100100000}
  serializedVersion: 5
  m_Component:
  - component: {fileID: 4423358747256294}
  m_Layer: 0
  m_Name: LeftHandMiddle2
  m_TagString: Untagged
  m_Icon: {fileID: 0}
  m_NavMeshLayer: 0
  m_StaticEditorFlags: 0
  m_IsActive: 1
--- !u!1 &1270967515022596
GameObject:
  m_ObjectHideFlags: 1
  m_PrefabParentObject: {fileID: 0}
  m_PrefabInternal: {fileID: 100100000}
  serializedVersion: 5
  m_Component:
  - component: {fileID: 4495101655459000}
  m_Layer: 0
  m_Name: LeftHandThumb3
  m_TagString: Untagged
  m_Icon: {fileID: 0}
  m_NavMeshLayer: 0
  m_StaticEditorFlags: 0
  m_IsActive: 1
--- !u!1 &1283074903526482
GameObject:
  m_ObjectHideFlags: 1
  m_PrefabParentObject: {fileID: 0}
  m_PrefabInternal: {fileID: 100100000}
  serializedVersion: 5
  m_Component:
  - component: {fileID: 4229574312529468}
  m_Layer: 0
  m_Name: LeftHandThumb4
  m_TagString: Untagged
  m_Icon: {fileID: 0}
  m_NavMeshLayer: 0
  m_StaticEditorFlags: 0
  m_IsActive: 1
--- !u!1 &1288510721806224
GameObject:
  m_ObjectHideFlags: 1
  m_PrefabParentObject: {fileID: 0}
  m_PrefabInternal: {fileID: 100100000}
  serializedVersion: 5
  m_Component:
  - component: {fileID: 4675024935699212}
  m_Layer: 0
  m_Name: RightHandMiddle2
  m_TagString: Untagged
  m_Icon: {fileID: 0}
  m_NavMeshLayer: 0
  m_StaticEditorFlags: 0
  m_IsActive: 1
--- !u!1 &1298532144937240
GameObject:
  m_ObjectHideFlags: 1
  m_PrefabParentObject: {fileID: 0}
  m_PrefabInternal: {fileID: 100100000}
  serializedVersion: 5
  m_Component:
  - component: {fileID: 4025303113785292}
  m_Layer: 0
  m_Name: RightHandThumb3
  m_TagString: Untagged
  m_Icon: {fileID: 0}
  m_NavMeshLayer: 0
  m_StaticEditorFlags: 0
  m_IsActive: 1
--- !u!1 &1306475636215206
GameObject:
  m_ObjectHideFlags: 1
  m_PrefabParentObject: {fileID: 0}
  m_PrefabInternal: {fileID: 100100000}
  serializedVersion: 5
  m_Component:
  - component: {fileID: 4503311646332560}
  m_Layer: 0
  m_Name: LeftToe_End
  m_TagString: Untagged
  m_Icon: {fileID: 0}
  m_NavMeshLayer: 0
  m_StaticEditorFlags: 0
  m_IsActive: 1
--- !u!1 &1310926016626216
GameObject:
  m_ObjectHideFlags: 1
  m_PrefabParentObject: {fileID: 0}
  m_PrefabInternal: {fileID: 100100000}
  serializedVersion: 5
  m_Component:
  - component: {fileID: 4623815616868046}
  m_Layer: 0
  m_Name: RightUpLeg
  m_TagString: Untagged
  m_Icon: {fileID: 0}
  m_NavMeshLayer: 0
  m_StaticEditorFlags: 0
  m_IsActive: 1
--- !u!1 &1352703886849690
GameObject:
  m_ObjectHideFlags: 1
  m_PrefabParentObject: {fileID: 0}
  m_PrefabInternal: {fileID: 100100000}
  serializedVersion: 5
  m_Component:
  - component: {fileID: 4938630228198688}
  m_Layer: 0
  m_Name: LeftHandRing1
  m_TagString: Untagged
  m_Icon: {fileID: 0}
  m_NavMeshLayer: 0
  m_StaticEditorFlags: 0
  m_IsActive: 1
--- !u!1 &1364938314334702
GameObject:
  m_ObjectHideFlags: 1
  m_PrefabParentObject: {fileID: 0}
  m_PrefabInternal: {fileID: 100100000}
  serializedVersion: 5
  m_Component:
  - component: {fileID: 4100018113991450}
  m_Layer: 0
  m_Name: LeftToeBase
  m_TagString: Untagged
  m_Icon: {fileID: 0}
  m_NavMeshLayer: 0
  m_StaticEditorFlags: 0
  m_IsActive: 1
--- !u!1 &1371589792319636
GameObject:
  m_ObjectHideFlags: 1
  m_PrefabParentObject: {fileID: 0}
  m_PrefabInternal: {fileID: 100100000}
  serializedVersion: 5
  m_Component:
  - component: {fileID: 4914150031174598}
  m_Layer: 0
  m_Name: LeftHandRing3
  m_TagString: Untagged
  m_Icon: {fileID: 0}
  m_NavMeshLayer: 0
  m_StaticEditorFlags: 0
  m_IsActive: 1
--- !u!1 &1372306522716668
GameObject:
  m_ObjectHideFlags: 1
  m_PrefabParentObject: {fileID: 0}
  m_PrefabInternal: {fileID: 100100000}
  serializedVersion: 5
  m_Component:
  - component: {fileID: 4685549387968882}
  m_Layer: 0
  m_Name: Neck1
  m_TagString: Untagged
  m_Icon: {fileID: 0}
  m_NavMeshLayer: 0
  m_StaticEditorFlags: 0
  m_IsActive: 1
--- !u!1 &1373301456026374
GameObject:
  m_ObjectHideFlags: 1
  m_PrefabParentObject: {fileID: 0}
  m_PrefabInternal: {fileID: 100100000}
  serializedVersion: 5
  m_Component:
  - component: {fileID: 4908610622743412}
  m_Layer: 0
  m_Name: RightHandIndex1
  m_TagString: Untagged
  m_Icon: {fileID: 0}
  m_NavMeshLayer: 0
  m_StaticEditorFlags: 0
  m_IsActive: 1
--- !u!1 &1377368446864860
GameObject:
  m_ObjectHideFlags: 1
  m_PrefabParentObject: {fileID: 0}
  m_PrefabInternal: {fileID: 100100000}
  serializedVersion: 5
  m_Component:
  - component: {fileID: 4196929040468616}
  m_Layer: 0
  m_Name: RightHandRing3
  m_TagString: Untagged
  m_Icon: {fileID: 0}
  m_NavMeshLayer: 0
  m_StaticEditorFlags: 0
  m_IsActive: 1
--- !u!1 &1409856490213396
GameObject:
  m_ObjectHideFlags: 1
  m_PrefabParentObject: {fileID: 0}
  m_PrefabInternal: {fileID: 100100000}
  serializedVersion: 5
  m_Component:
  - component: {fileID: 4374031665875368}
  m_Layer: 0
  m_Name: LeftHandPinky1
  m_TagString: Untagged
  m_Icon: {fileID: 0}
  m_NavMeshLayer: 0
  m_StaticEditorFlags: 0
  m_IsActive: 1
--- !u!1 &1416678005014930
GameObject:
  m_ObjectHideFlags: 1
  m_PrefabParentObject: {fileID: 0}
  m_PrefabInternal: {fileID: 100100000}
  serializedVersion: 5
  m_Component:
  - component: {fileID: 4272372743928714}
  m_Layer: 0
  m_Name: LeftHandIndex4
  m_TagString: Untagged
  m_Icon: {fileID: 0}
  m_NavMeshLayer: 0
  m_StaticEditorFlags: 0
  m_IsActive: 1
--- !u!1 &1426834754763552
GameObject:
  m_ObjectHideFlags: 1
  m_PrefabParentObject: {fileID: 0}
  m_PrefabInternal: {fileID: 100100000}
  serializedVersion: 5
  m_Component:
  - component: {fileID: 4400065025437746}
  m_Layer: 0
  m_Name: LeftHandRing2
  m_TagString: Untagged
  m_Icon: {fileID: 0}
  m_NavMeshLayer: 0
  m_StaticEditorFlags: 0
  m_IsActive: 1
--- !u!1 &1434094943443098
GameObject:
  m_ObjectHideFlags: 1
  m_PrefabParentObject: {fileID: 0}
  m_PrefabInternal: {fileID: 100100000}
  serializedVersion: 5
  m_Component:
  - component: {fileID: 4744505781180682}
  m_Layer: 0
  m_Name: RightShoulder
  m_TagString: Untagged
  m_Icon: {fileID: 0}
  m_NavMeshLayer: 0
  m_StaticEditorFlags: 0
  m_IsActive: 1
--- !u!1 &1438132114076078
GameObject:
  m_ObjectHideFlags: 1
  m_PrefabParentObject: {fileID: 0}
  m_PrefabInternal: {fileID: 100100000}
  serializedVersion: 5
  m_Component:
  - component: {fileID: 4359637740939376}
  m_Layer: 0
  m_Name: RightHandThumb1
  m_TagString: Untagged
  m_Icon: {fileID: 0}
  m_NavMeshLayer: 0
  m_StaticEditorFlags: 0
  m_IsActive: 1
--- !u!1 &1487441588100982
GameObject:
  m_ObjectHideFlags: 1
  m_PrefabParentObject: {fileID: 0}
  m_PrefabInternal: {fileID: 100100000}
  serializedVersion: 5
  m_Component:
  - component: {fileID: 4647423768667914}
  m_Layer: 0
  m_Name: LeftHandIndex2
  m_TagString: Untagged
  m_Icon: {fileID: 0}
  m_NavMeshLayer: 0
  m_StaticEditorFlags: 0
  m_IsActive: 1
--- !u!1 &1490685824722802
GameObject:
  m_ObjectHideFlags: 1
  m_PrefabParentObject: {fileID: 0}
  m_PrefabInternal: {fileID: 100100000}
  serializedVersion: 5
  m_Component:
  - component: {fileID: 4377537631287098}
  m_Layer: 0
  m_Name: RightForeArm
  m_TagString: Untagged
  m_Icon: {fileID: 0}
  m_NavMeshLayer: 0
  m_StaticEditorFlags: 0
  m_IsActive: 1
--- !u!1 &1493782033633604
GameObject:
  m_ObjectHideFlags: 1
  m_PrefabParentObject: {fileID: 0}
  m_PrefabInternal: {fileID: 100100000}
  serializedVersion: 5
  m_Component:
  - component: {fileID: 4599079101183950}
  m_Layer: 0
  m_Name: LeftHandPinky2
  m_TagString: Untagged
  m_Icon: {fileID: 0}
  m_NavMeshLayer: 0
  m_StaticEditorFlags: 0
  m_IsActive: 1
--- !u!1 &1493944399317084
GameObject:
  m_ObjectHideFlags: 1
  m_PrefabParentObject: {fileID: 0}
  m_PrefabInternal: {fileID: 100100000}
  serializedVersion: 5
  m_Component:
  - component: {fileID: 4525326439030304}
  m_Layer: 0
  m_Name: LeftHandMiddle4
  m_TagString: Untagged
  m_Icon: {fileID: 0}
  m_NavMeshLayer: 0
  m_StaticEditorFlags: 0
  m_IsActive: 1
--- !u!1 &1497493883312366
GameObject:
  m_ObjectHideFlags: 0
  m_PrefabParentObject: {fileID: 0}
  m_PrefabInternal: {fileID: 100100000}
  serializedVersion: 5
  m_Component:
  - component: {fileID: 4071127407393736}
  m_Layer: 0
  m_Name: Mesh
  m_TagString: Untagged
  m_Icon: {fileID: 0}
  m_NavMeshLayer: 0
  m_StaticEditorFlags: 0
  m_IsActive: 1
--- !u!1 &1498648838813368
GameObject:
  m_ObjectHideFlags: 1
  m_PrefabParentObject: {fileID: 0}
  m_PrefabInternal: {fileID: 100100000}
  serializedVersion: 5
  m_Component:
  - component: {fileID: 4649960198877914}
  m_Layer: 0
  m_Name: Spine2
  m_TagString: Untagged
  m_Icon: {fileID: 0}
  m_NavMeshLayer: 0
  m_StaticEditorFlags: 0
  m_IsActive: 1
--- !u!1 &1505330183311902
GameObject:
  m_ObjectHideFlags: 1
  m_PrefabParentObject: {fileID: 0}
  m_PrefabInternal: {fileID: 100100000}
  serializedVersion: 5
  m_Component:
  - component: {fileID: 4830327636434814}
  m_Layer: 0
  m_Name: Spine
  m_TagString: Untagged
  m_Icon: {fileID: 0}
  m_NavMeshLayer: 0
  m_StaticEditorFlags: 0
  m_IsActive: 1
--- !u!1 &1518387764372160
GameObject:
  m_ObjectHideFlags: 1
  m_PrefabParentObject: {fileID: 0}
  m_PrefabInternal: {fileID: 100100000}
  serializedVersion: 5
  m_Component:
  - component: {fileID: 4856515664639804}
  m_Layer: 0
  m_Name: RightHandPinky3
  m_TagString: Untagged
  m_Icon: {fileID: 0}
  m_NavMeshLayer: 0
  m_StaticEditorFlags: 0
  m_IsActive: 1
--- !u!1 &1519253427980378
GameObject:
  m_ObjectHideFlags: 1
  m_PrefabParentObject: {fileID: 0}
  m_PrefabInternal: {fileID: 100100000}
  serializedVersion: 5
  m_Component:
  - component: {fileID: 4780681623520770}
  m_Layer: 0
  m_Name: RightHandThumb2
  m_TagString: Untagged
  m_Icon: {fileID: 0}
  m_NavMeshLayer: 0
  m_StaticEditorFlags: 0
  m_IsActive: 1
--- !u!1 &1528687370080660
GameObject:
  m_ObjectHideFlags: 1
  m_PrefabParentObject: {fileID: 0}
  m_PrefabInternal: {fileID: 100100000}
  serializedVersion: 5
  m_Component:
  - component: {fileID: 4765686043504962}
  m_Layer: 0
  m_Name: RightToeBase
  m_TagString: Untagged
  m_Icon: {fileID: 0}
  m_NavMeshLayer: 0
  m_StaticEditorFlags: 0
  m_IsActive: 1
--- !u!1 &1545805255733670
GameObject:
  m_ObjectHideFlags: 1
  m_PrefabParentObject: {fileID: 0}
  m_PrefabInternal: {fileID: 100100000}
  serializedVersion: 5
  m_Component:
  - component: {fileID: 4632071869790738}
  m_Layer: 0
  m_Name: RightHandThumb4
  m_TagString: Untagged
  m_Icon: {fileID: 0}
  m_NavMeshLayer: 0
  m_StaticEditorFlags: 0
  m_IsActive: 1
--- !u!1 &1555307383741216
GameObject:
  m_ObjectHideFlags: 1
  m_PrefabParentObject: {fileID: 0}
  m_PrefabInternal: {fileID: 100100000}
  serializedVersion: 5
  m_Component:
  - component: {fileID: 4270113150632154}
  - component: {fileID: 137761338736977102}
  m_Layer: 0
  m_Name: Base
  m_TagString: Untagged
  m_Icon: {fileID: 0}
  m_NavMeshLayer: 0
  m_StaticEditorFlags: 0
  m_IsActive: 1
--- !u!1 &1555501178982370
GameObject:
  m_ObjectHideFlags: 1
  m_PrefabParentObject: {fileID: 0}
  m_PrefabInternal: {fileID: 100100000}
  serializedVersion: 5
  m_Component:
  - component: {fileID: 4458862270112234}
  m_Layer: 0
  m_Name: LeftHandPinky4
  m_TagString: Untagged
  m_Icon: {fileID: 0}
  m_NavMeshLayer: 0
  m_StaticEditorFlags: 0
  m_IsActive: 1
--- !u!1 &1563216680533292
GameObject:
  m_ObjectHideFlags: 1
  m_PrefabParentObject: {fileID: 0}
  m_PrefabInternal: {fileID: 100100000}
  serializedVersion: 5
  m_Component:
  - component: {fileID: 4258075802594642}
  m_Layer: 0
  m_Name: LeftHandMiddle3
  m_TagString: Untagged
  m_Icon: {fileID: 0}
  m_NavMeshLayer: 0
  m_StaticEditorFlags: 0
  m_IsActive: 1
--- !u!1 &1564600792470904
GameObject:
  m_ObjectHideFlags: 1
  m_PrefabParentObject: {fileID: 0}
  m_PrefabInternal: {fileID: 100100000}
  serializedVersion: 5
  m_Component:
  - component: {fileID: 4179151610861786}
  m_Layer: 0
  m_Name: LeftLeg
  m_TagString: Untagged
  m_Icon: {fileID: 0}
  m_NavMeshLayer: 0
  m_StaticEditorFlags: 0
  m_IsActive: 1
--- !u!1 &1584548224409808
GameObject:
  m_ObjectHideFlags: 1
  m_PrefabParentObject: {fileID: 0}
  m_PrefabInternal: {fileID: 100100000}
  serializedVersion: 5
  m_Component:
  - component: {fileID: 4966872347700904}
  m_Layer: 0
  m_Name: RightHandRing2
  m_TagString: Untagged
  m_Icon: {fileID: 0}
  m_NavMeshLayer: 0
  m_StaticEditorFlags: 0
  m_IsActive: 1
--- !u!1 &1635255916933508
GameObject:
  m_ObjectHideFlags: 1
  m_PrefabParentObject: {fileID: 0}
  m_PrefabInternal: {fileID: 100100000}
  serializedVersion: 5
  m_Component:
  - component: {fileID: 4232435311315588}
  m_Layer: 0
  m_Name: LeftUpLeg
  m_TagString: Untagged
  m_Icon: {fileID: 0}
  m_NavMeshLayer: 0
  m_StaticEditorFlags: 0
  m_IsActive: 1
--- !u!1 &1667130923900084
GameObject:
  m_ObjectHideFlags: 1
  m_PrefabParentObject: {fileID: 0}
  m_PrefabInternal: {fileID: 100100000}
  serializedVersion: 5
  m_Component:
  - component: {fileID: 4919353121994924}
  m_Layer: 0
  m_Name: LeftShoulder
  m_TagString: Untagged
  m_Icon: {fileID: 0}
  m_NavMeshLayer: 0
  m_StaticEditorFlags: 0
  m_IsActive: 1
--- !u!1 &1671071122454892
GameObject:
  m_ObjectHideFlags: 1
  m_PrefabParentObject: {fileID: 0}
  m_PrefabInternal: {fileID: 100100000}
  serializedVersion: 5
  m_Component:
  - component: {fileID: 4326962162883350}
  m_Layer: 0
  m_Name: Neck
  m_TagString: Untagged
  m_Icon: {fileID: 0}
  m_NavMeshLayer: 0
  m_StaticEditorFlags: 0
  m_IsActive: 1
--- !u!1 &1686129406541852
GameObject:
  m_ObjectHideFlags: 1
  m_PrefabParentObject: {fileID: 0}
  m_PrefabInternal: {fileID: 100100000}
  serializedVersion: 5
  m_Component:
  - component: {fileID: 4979159348014606}
  m_Layer: 0
  m_Name: RightHandIndex2
  m_TagString: Untagged
  m_Icon: {fileID: 0}
  m_NavMeshLayer: 0
  m_StaticEditorFlags: 0
  m_IsActive: 1
--- !u!1 &1706854077718596
GameObject:
  m_ObjectHideFlags: 1
  m_PrefabParentObject: {fileID: 0}
  m_PrefabInternal: {fileID: 100100000}
  serializedVersion: 5
  m_Component:
  - component: {fileID: 4212711646910084}
  m_Layer: 0
  m_Name: L_Eye
  m_TagString: Untagged
  m_Icon: {fileID: 0}
  m_NavMeshLayer: 0
  m_StaticEditorFlags: 0
  m_IsActive: 1
--- !u!1 &1719654184140256
GameObject:
  m_ObjectHideFlags: 1
  m_PrefabParentObject: {fileID: 0}
  m_PrefabInternal: {fileID: 100100000}
  serializedVersion: 5
  m_Component:
  - component: {fileID: 4916482030128872}
  m_Layer: 0
  m_Name: RightArm
  m_TagString: Untagged
  m_Icon: {fileID: 0}
  m_NavMeshLayer: 0
  m_StaticEditorFlags: 0
  m_IsActive: 1
--- !u!1 &1733560814986106
GameObject:
  m_ObjectHideFlags: 1
  m_PrefabParentObject: {fileID: 0}
  m_PrefabInternal: {fileID: 100100000}
  serializedVersion: 5
  m_Component:
  - component: {fileID: 4505267807047946}
  m_Layer: 0
  m_Name: RightHandRing1
  m_TagString: Untagged
  m_Icon: {fileID: 0}
  m_NavMeshLayer: 0
  m_StaticEditorFlags: 0
  m_IsActive: 1
--- !u!1 &1779966636308884
GameObject:
  m_ObjectHideFlags: 1
  m_PrefabParentObject: {fileID: 0}
  m_PrefabInternal: {fileID: 100100000}
  serializedVersion: 5
  m_Component:
  - component: {fileID: 4634732012422052}
  m_Layer: 0
  m_Name: Jaw
  m_TagString: Untagged
  m_Icon: {fileID: 0}
  m_NavMeshLayer: 0
  m_StaticEditorFlags: 0
  m_IsActive: 1
--- !u!1 &1780195289813440
GameObject:
  m_ObjectHideFlags: 1
  m_PrefabParentObject: {fileID: 0}
  m_PrefabInternal: {fileID: 100100000}
  serializedVersion: 5
  m_Component:
  - component: {fileID: 4569455654803398}
  - component: {fileID: 137950039997934194}
  m_Layer: 0
  m_Name: Mesh 1
  m_TagString: Enemy
  m_Icon: {fileID: 0}
  m_NavMeshLayer: 0
  m_StaticEditorFlags: 0
  m_IsActive: 1
--- !u!1 &1783166444239378
GameObject:
  m_ObjectHideFlags: 1
  m_PrefabParentObject: {fileID: 0}
  m_PrefabInternal: {fileID: 100100000}
  serializedVersion: 5
  m_Component:
  - component: {fileID: 4292012091587822}
  m_Layer: 0
  m_Name: LeftHandPinky3
  m_TagString: Untagged
  m_Icon: {fileID: 0}
  m_NavMeshLayer: 0
  m_StaticEditorFlags: 0
  m_IsActive: 1
--- !u!1 &1810661190057178
GameObject:
  m_ObjectHideFlags: 1
  m_PrefabParentObject: {fileID: 0}
  m_PrefabInternal: {fileID: 100100000}
  serializedVersion: 5
  m_Component:
  - component: {fileID: 4500561602964460}
  m_Layer: 0
  m_Name: RightHandMiddle1
  m_TagString: Untagged
  m_Icon: {fileID: 0}
  m_NavMeshLayer: 0
  m_StaticEditorFlags: 0
  m_IsActive: 1
--- !u!1 &1812131842795720
GameObject:
  m_ObjectHideFlags: 1
  m_PrefabParentObject: {fileID: 0}
  m_PrefabInternal: {fileID: 100100000}
  serializedVersion: 5
  m_Component:
  - component: {fileID: 4825680943437614}
  m_Layer: 0
  m_Name: RightHandIndex4
  m_TagString: Untagged
  m_Icon: {fileID: 0}
  m_NavMeshLayer: 0
  m_StaticEditorFlags: 0
  m_IsActive: 1
--- !u!1 &1824227793563348
GameObject:
  m_ObjectHideFlags: 1
  m_PrefabParentObject: {fileID: 0}
  m_PrefabInternal: {fileID: 100100000}
  serializedVersion: 5
  m_Component:
  - component: {fileID: 4755723265667514}
  m_Layer: 0
  m_Name: RightHandIndex3
  m_TagString: Untagged
  m_Icon: {fileID: 0}
  m_NavMeshLayer: 0
  m_StaticEditorFlags: 0
  m_IsActive: 1
--- !u!1 &1827568169541008
GameObject:
  m_ObjectHideFlags: 1
  m_PrefabParentObject: {fileID: 0}
  m_PrefabInternal: {fileID: 100100000}
  serializedVersion: 5
  m_Component:
  - component: {fileID: 4192390571727348}
  m_Layer: 0
  m_Name: LeftHandMiddle1
  m_TagString: Untagged
  m_Icon: {fileID: 0}
  m_NavMeshLayer: 0
  m_StaticEditorFlags: 0
  m_IsActive: 1
--- !u!1 &1831665026406996
GameObject:
  m_ObjectHideFlags: 0
  m_PrefabParentObject: {fileID: 0}
  m_PrefabInternal: {fileID: 100100000}
  serializedVersion: 5
  m_Component:
  - component: {fileID: 4677073416430538}
  m_Layer: 0
  m_Name: Hips
  m_TagString: Untagged
  m_Icon: {fileID: 0}
  m_NavMeshLayer: 0
  m_StaticEditorFlags: 0
  m_IsActive: 1
--- !u!1 &1832248801265130
GameObject:
  m_ObjectHideFlags: 1
  m_PrefabParentObject: {fileID: 0}
  m_PrefabInternal: {fileID: 100100000}
  serializedVersion: 5
  m_Component:
  - component: {fileID: 4702309183205226}
  m_Layer: 0
  m_Name: RightHandPinky1
  m_TagString: Untagged
  m_Icon: {fileID: 0}
  m_NavMeshLayer: 0
  m_StaticEditorFlags: 0
  m_IsActive: 1
--- !u!1 &1837075648358956
GameObject:
  m_ObjectHideFlags: 1
  m_PrefabParentObject: {fileID: 0}
  m_PrefabInternal: {fileID: 100100000}
  serializedVersion: 5
  m_Component:
  - component: {fileID: 4289910069061106}
  m_Layer: 0
  m_Name: RightHandMiddle4
  m_TagString: Untagged
  m_Icon: {fileID: 0}
  m_NavMeshLayer: 0
  m_StaticEditorFlags: 0
  m_IsActive: 1
--- !u!1 &1871466378434258
GameObject:
  m_ObjectHideFlags: 1
  m_PrefabParentObject: {fileID: 0}
  m_PrefabInternal: {fileID: 100100000}
  serializedVersion: 5
  m_Component:
  - component: {fileID: 4472087559550928}
  m_Layer: 0
  m_Name: RightToe_End
  m_TagString: Untagged
  m_Icon: {fileID: 0}
  m_NavMeshLayer: 0
  m_StaticEditorFlags: 0
  m_IsActive: 1
--- !u!1 &1872648585277564
GameObject:
  m_ObjectHideFlags: 1
  m_PrefabParentObject: {fileID: 0}
  m_PrefabInternal: {fileID: 100100000}
  serializedVersion: 5
  m_Component:
  - component: {fileID: 4268069390405812}
  m_Layer: 0
  m_Name: RightHandRing4
  m_TagString: Untagged
  m_Icon: {fileID: 0}
  m_NavMeshLayer: 0
  m_StaticEditorFlags: 0
  m_IsActive: 1
--- !u!1 &1886633939869590
GameObject:
  m_ObjectHideFlags: 1
  m_PrefabParentObject: {fileID: 0}
  m_PrefabInternal: {fileID: 100100000}
  serializedVersion: 5
  m_Component:
  - component: {fileID: 4704217981288976}
  m_Layer: 0
  m_Name: RightHandPinky4
  m_TagString: Untagged
  m_Icon: {fileID: 0}
  m_NavMeshLayer: 0
  m_StaticEditorFlags: 0
  m_IsActive: 1
--- !u!1 &1886956409136428
GameObject:
  m_ObjectHideFlags: 1
  m_PrefabParentObject: {fileID: 0}
  m_PrefabInternal: {fileID: 100100000}
  serializedVersion: 5
  m_Component:
  - component: {fileID: 4479980319933558}
  m_Layer: 0
  m_Name: R_Eye
  m_TagString: Untagged
  m_Icon: {fileID: 0}
  m_NavMeshLayer: 0
  m_StaticEditorFlags: 0
  m_IsActive: 1
--- !u!1 &1897034947636610
GameObject:
  m_ObjectHideFlags: 1
  m_PrefabParentObject: {fileID: 0}
  m_PrefabInternal: {fileID: 100100000}
  serializedVersion: 5
  m_Component:
  - component: {fileID: 4152688560620928}
  m_Layer: 0
  m_Name: RightHandPinky2
  m_TagString: Untagged
  m_Icon: {fileID: 0}
  m_NavMeshLayer: 0
  m_StaticEditorFlags: 0
  m_IsActive: 1
--- !u!1 &1974593782769558
GameObject:
  m_ObjectHideFlags: 1
  m_PrefabParentObject: {fileID: 0}
  m_PrefabInternal: {fileID: 100100000}
  serializedVersion: 5
  m_Component:
  - component: {fileID: 4846414706843410}
  m_Layer: 0
  m_Name: LeftForeArm
  m_TagString: Untagged
  m_Icon: {fileID: 0}
  m_NavMeshLayer: 0
  m_StaticEditorFlags: 0
  m_IsActive: 1
--- !u!1 &1976561306746634
GameObject:
  m_ObjectHideFlags: 1
  m_PrefabParentObject: {fileID: 0}
  m_PrefabInternal: {fileID: 100100000}
  serializedVersion: 5
  m_Component:
  - component: {fileID: 4843475145685540}
  m_Layer: 0
  m_Name: RightFoot
  m_TagString: Untagged
  m_Icon: {fileID: 0}
  m_NavMeshLayer: 0
  m_StaticEditorFlags: 0
  m_IsActive: 1
--- !u!1 &1979455857255116
GameObject:
  m_ObjectHideFlags: 1
  m_PrefabParentObject: {fileID: 0}
  m_PrefabInternal: {fileID: 100100000}
  serializedVersion: 5
  m_Component:
  - component: {fileID: 4323703153862462}
  m_Layer: 0
  m_Name: LeftHandRing4
  m_TagString: Untagged
  m_Icon: {fileID: 0}
  m_NavMeshLayer: 0
  m_StaticEditorFlags: 0
  m_IsActive: 1
--- !u!1 &1981402550748810
GameObject:
  m_ObjectHideFlags: 1
  m_PrefabParentObject: {fileID: 0}
  m_PrefabInternal: {fileID: 100100000}
  serializedVersion: 5
  m_Component:
  - component: {fileID: 4610018876604434}
  m_Layer: 0
  m_Name: Head
  m_TagString: Untagged
  m_Icon: {fileID: 0}
  m_NavMeshLayer: 0
  m_StaticEditorFlags: 0
  m_IsActive: 1
--- !u!4 &4025303113785292
Transform:
  m_ObjectHideFlags: 1
  m_PrefabParentObject: {fileID: 0}
  m_PrefabInternal: {fileID: 100100000}
  m_GameObject: {fileID: 1298532144937240}
  m_LocalRotation: {x: -0.09276269, y: -0.21549092, z: -0.0010466478, w: 0.97208935}
  m_LocalPosition: {x: 0.027254377, y: -0.009708722, z: 0.017420558}
  m_LocalScale: {x: 1, y: 1, z: 1}
  m_Children:
  - {fileID: 4632071869790738}
  m_Father: {fileID: 4780681623520770}
  m_RootOrder: 0
  m_LocalEulerAnglesHint: {x: 0, y: 0, z: 0}
--- !u!4 &4035623773666954
Transform:
  m_ObjectHideFlags: 1
  m_PrefabParentObject: {fileID: 0}
  m_PrefabInternal: {fileID: 100100000}
  m_GameObject: {fileID: 1074290645096938}
  m_LocalRotation: {x: -0.09210071, y: 0.14299305, z: 0.07014417, w: 0.98292947}
  m_LocalPosition: {x: -0.10194989, y: -0.003803608, z: 0.035388622}
  m_LocalScale: {x: 1, y: 1, z: 1}
  m_Children:
  - {fileID: 4647423768667914}
  m_Father: {fileID: 4412321097536384}
  m_RootOrder: 0
  m_LocalEulerAnglesHint: {x: 0, y: 0, z: 0}
--- !u!4 &4071127407393736
Transform:
  m_ObjectHideFlags: 1
  m_PrefabParentObject: {fileID: 0}
  m_PrefabInternal: {fileID: 100100000}
  m_GameObject: {fileID: 1497493883312366}
  m_LocalRotation: {x: 0, y: -0, z: -0, w: 1}
  m_LocalPosition: {x: -0, y: 0, z: 0}
  m_LocalScale: {x: 1, y: 1, z: 1}
  m_Children:
  - {fileID: 4270113150632154}
  - {fileID: 4569455654803398}
  m_Father: {fileID: 4220578365262170}
  m_RootOrder: 1
  m_LocalEulerAnglesHint: {x: 0, y: 0, z: 0}
--- !u!4 &4086922822016356
Transform:
  m_ObjectHideFlags: 1
  m_PrefabParentObject: {fileID: 0}
  m_PrefabInternal: {fileID: 100100000}
  m_GameObject: {fileID: 1157450884639070}
  m_LocalRotation: {x: 0.0035250024, y: -0.0015562332, z: 0.3620225, w: 0.93216145}
  m_LocalPosition: {x: -0.028959649, y: -0.0026729733, z: 0.00035963554}
  m_LocalScale: {x: 1, y: 1, z: 1}
  m_Children:
  - {fileID: 4272372743928714}
  m_Father: {fileID: 4647423768667914}
  m_RootOrder: 0
  m_LocalEulerAnglesHint: {x: 0, y: 0, z: 0}
--- !u!4 &4100018113991450
Transform:
  m_ObjectHideFlags: 1
  m_PrefabParentObject: {fileID: 0}
  m_PrefabInternal: {fileID: 100100000}
  m_GameObject: {fileID: 1364938314334702}
  m_LocalRotation: {x: -0.003955913, y: 0.0000000020469477, z: -0.0000000080005025,
    w: 0.9999922}
  m_LocalPosition: {x: 0.00009176838, y: -0.12616396, z: 0.12542853}
  m_LocalScale: {x: 1, y: 1, z: 1}
  m_Children:
  - {fileID: 4503311646332560}
  m_Father: {fileID: 4414315664689178}
  m_RootOrder: 0
  m_LocalEulerAnglesHint: {x: 0, y: 0, z: 0}
--- !u!4 &4152688560620928
Transform:
  m_ObjectHideFlags: 1
  m_PrefabParentObject: {fileID: 0}
  m_PrefabInternal: {fileID: 100100000}
  m_GameObject: {fileID: 1897034947636610}
  m_LocalRotation: {x: 0.0048892726, y: -0.0003132154, z: -0.47181734, w: 0.88168275}
  m_LocalPosition: {x: 0.03163502, y: -0.0015538258, z: 0.0006788874}
  m_LocalScale: {x: 1, y: 1, z: 1}
  m_Children:
  - {fileID: 4856515664639804}
  m_Father: {fileID: 4702309183205226}
  m_RootOrder: 0
  m_LocalEulerAnglesHint: {x: 0, y: 0, z: 0}
--- !u!4 &4179151610861786
Transform:
  m_ObjectHideFlags: 1
  m_PrefabParentObject: {fileID: 0}
  m_PrefabInternal: {fileID: 100100000}
  m_GameObject: {fileID: 1564600792470904}
  m_LocalRotation: {x: 0.36973608, y: -0.05850379, z: -0.037894912, w: 0.9265185}
  m_LocalPosition: {x: 0.00038938053, y: -0.42073146, z: -0.005682022}
  m_LocalScale: {x: 1, y: 1, z: 1}
  m_Children:
  - {fileID: 4414315664689178}
  m_Father: {fileID: 4232435311315588}
  m_RootOrder: 0
  m_LocalEulerAnglesHint: {x: 0, y: 0, z: 0}
--- !u!4 &4192390571727348
Transform:
  m_ObjectHideFlags: 1
  m_PrefabParentObject: {fileID: 0}
  m_PrefabInternal: {fileID: 100100000}
  m_GameObject: {fileID: 1827568169541008}
  m_LocalRotation: {x: -0.015186058, y: 0.05799201, z: -0.039221387, w: 0.9974307}
  m_LocalPosition: {x: -0.10302616, y: -0.0020051748, z: 0.012937516}
  m_LocalScale: {x: 1, y: 1, z: 1}
  m_Children:
  - {fileID: 4423358747256294}
  m_Father: {fileID: 4412321097536384}
  m_RootOrder: 1
  m_LocalEulerAnglesHint: {x: 0, y: 0, z: 0}
--- !u!4 &4196929040468616
Transform:
  m_ObjectHideFlags: 1
  m_PrefabParentObject: {fileID: 0}
  m_PrefabInternal: {fileID: 100100000}
  m_GameObject: {fileID: 1377368446864860}
  m_LocalRotation: {x: -0.0023091184, y: 0.002114849, z: -0.032099742, w: 0.9994798}
  m_LocalPosition: {x: 0.029449867, y: -0.0019454819, z: 0.0007994651}
  m_LocalScale: {x: 1, y: 1, z: 1}
  m_Children:
  - {fileID: 4268069390405812}
  m_Father: {fileID: 4966872347700904}
  m_RootOrder: 0
  m_LocalEulerAnglesHint: {x: 0, y: 0, z: 0}
--- !u!4 &4212711646910084
Transform:
  m_ObjectHideFlags: 1
  m_PrefabParentObject: {fileID: 0}
  m_PrefabInternal: {fileID: 100100000}
  m_GameObject: {fileID: 1706854077718596}
  m_LocalRotation: {x: 0, y: -0, z: -0, w: 1}
  m_LocalPosition: {x: -0.03434741, y: 0.079531066, z: 0.09293808}
  m_LocalScale: {x: 1, y: 1, z: 1}
  m_Children: []
  m_Father: {fileID: 4610018876604434}
  m_RootOrder: 2
  m_LocalEulerAnglesHint: {x: 0, y: 0, z: 0}
--- !u!4 &4220578365262170
Transform:
  m_ObjectHideFlags: 1
  m_PrefabParentObject: {fileID: 0}
  m_PrefabInternal: {fileID: 100100000}
  m_GameObject: {fileID: 1129630271640090}
  m_LocalRotation: {x: -0, y: 1, z: -0, w: 0}
  m_LocalPosition: {x: 433.884, y: 49.52, z: 323.75}
  m_LocalScale: {x: 1, y: 1, z: 1}
  m_Children:
  - {fileID: 4677073416430538}
  - {fileID: 4071127407393736}
  m_Father: {fileID: 0}
  m_RootOrder: 0
  m_LocalEulerAnglesHint: {x: 0, y: 180, z: 0}
--- !u!4 &4229574312529468
Transform:
  m_ObjectHideFlags: 1
  m_PrefabParentObject: {fileID: 0}
  m_PrefabInternal: {fileID: 100100000}
  m_GameObject: {fileID: 1283074903526482}
  m_LocalRotation: {x: 0, y: -0, z: -0, w: 1}
  m_LocalPosition: {x: -0.020479236, y: -0.0083149355, z: 0.012539893}
  m_LocalScale: {x: 1, y: 1, z: 1}
  m_Children: []
  m_Father: {fileID: 4495101655459000}
  m_RootOrder: 0
  m_LocalEulerAnglesHint: {x: 0, y: 0, z: 0}
--- !u!4 &4232435311315588
Transform:
  m_ObjectHideFlags: 1
  m_PrefabParentObject: {fileID: 0}
  m_PrefabInternal: {fileID: 100100000}
  m_GameObject: {fileID: 1635255916933508}
  m_LocalRotation: {x: -0.35593775, y: -0.1453857, z: -0.1618155, w: 0.90883833}
  m_LocalPosition: {x: -0.0837247, y: -0.045729578, z: -0.014304504}
  m_LocalScale: {x: 1, y: 1, z: 1}
  m_Children:
  - {fileID: 4179151610861786}
  m_Father: {fileID: 4677073416430538}
  m_RootOrder: 0
  m_LocalEulerAnglesHint: {x: 0, y: 0, z: 0}
--- !u!4 &4258075802594642
Transform:
  m_ObjectHideFlags: 1
  m_PrefabParentObject: {fileID: 0}
  m_PrefabInternal: {fileID: 100100000}
  m_GameObject: {fileID: 1563216680533292}
  m_LocalRotation: {x: 0.000071610826, y: -0.0024974952, z: 0.11211362, w: 0.9936923}
  m_LocalPosition: {x: -0.0331497, y: -0.0030283886, z: 0.0014815901}
  m_LocalScale: {x: 1, y: 1, z: 1}
  m_Children:
  - {fileID: 4525326439030304}
  m_Father: {fileID: 4423358747256294}
  m_RootOrder: 0
  m_LocalEulerAnglesHint: {x: 0, y: 0, z: 0}
--- !u!4 &4268069390405812
Transform:
  m_ObjectHideFlags: 1
  m_PrefabParentObject: {fileID: 0}
  m_PrefabInternal: {fileID: 100100000}
  m_GameObject: {fileID: 1872648585277564}
  m_LocalRotation: {x: 0, y: -0, z: -0, w: 1}
  m_LocalPosition: {x: 0.024188045, y: -0.0024486408, z: 0.0007395535}
  m_LocalScale: {x: 1, y: 1, z: 1}
  m_Children: []
  m_Father: {fileID: 4196929040468616}
  m_RootOrder: 0
  m_LocalEulerAnglesHint: {x: 0, y: 0, z: 0}
--- !u!4 &4270113150632154
Transform:
  m_ObjectHideFlags: 1
  m_PrefabParentObject: {fileID: 0}
  m_PrefabInternal: {fileID: 100100000}
  m_GameObject: {fileID: 1555307383741216}
  m_LocalRotation: {x: 0, y: -0, z: -0, w: 1}
  m_LocalPosition: {x: -0, y: 0, z: 0}
  m_LocalScale: {x: 1, y: 1, z: 1}
  m_Children: []
  m_Father: {fileID: 4071127407393736}
  m_RootOrder: 0
  m_LocalEulerAnglesHint: {x: 0, y: 0, z: 0}
--- !u!4 &4272372743928714
Transform:
  m_ObjectHideFlags: 1
  m_PrefabParentObject: {fileID: 0}
  m_PrefabInternal: {fileID: 100100000}
  m_GameObject: {fileID: 1416678005014930}
  m_LocalRotation: {x: 0, y: -0, z: -0, w: 1}
  m_LocalPosition: {x: -0.022911003, y: -0.0012609651, z: 0.0003376062}
  m_LocalScale: {x: 1, y: 1, z: 1}
  m_Children: []
  m_Father: {fileID: 4086922822016356}
  m_RootOrder: 0
  m_LocalEulerAnglesHint: {x: 0, y: 0, z: 0}
--- !u!4 &4289910069061106
Transform:
  m_ObjectHideFlags: 1
  m_PrefabParentObject: {fileID: 0}
  m_PrefabInternal: {fileID: 100100000}
  m_GameObject: {fileID: 1837075648358956}
  m_LocalRotation: {x: 0, y: -0, z: -0, w: 1}
  m_LocalPosition: {x: 0.025271015, y: -0.004574251, z: 0.0012417168}
  m_LocalScale: {x: 1, y: 1, z: 1}
  m_Children: []
  m_Father: {fileID: 4980531224792396}
  m_RootOrder: 0
  m_LocalEulerAnglesHint: {x: 0, y: 0, z: 0}
--- !u!4 &4292012091587822
Transform:
  m_ObjectHideFlags: 1
  m_PrefabParentObject: {fileID: 0}
  m_PrefabInternal: {fileID: 100100000}
  m_GameObject: {fileID: 1783166444239378}
  m_LocalRotation: {x: 0.009243243, y: -0.0027207728, z: 0.4785085, w: 0.87803006}
  m_LocalPosition: {x: -0.02361004, y: -0.001064947, z: 0.00050359615}
  m_LocalScale: {x: 1, y: 1, z: 1}
  m_Children:
  - {fileID: 4458862270112234}
  m_Father: {fileID: 4599079101183950}
  m_RootOrder: 0
  m_LocalEulerAnglesHint: {x: 0, y: 0, z: 0}
--- !u!4 &4323703153862462
Transform:
  m_ObjectHideFlags: 1
  m_PrefabParentObject: {fileID: 0}
  m_PrefabInternal: {fileID: 100100000}
  m_GameObject: {fileID: 1979455857255116}
  m_LocalRotation: {x: 0, y: -0, z: -0, w: 1}
  m_LocalPosition: {x: -0.024188045, y: -0.0024486408, z: 0.0007395535}
  m_LocalScale: {x: 1, y: 1, z: 1}
  m_Children: []
  m_Father: {fileID: 4914150031174598}
  m_RootOrder: 0
  m_LocalEulerAnglesHint: {x: 0, y: 0, z: 0}
--- !u!4 &4326962162883350
Transform:
  m_ObjectHideFlags: 1
  m_PrefabParentObject: {fileID: 0}
  m_PrefabInternal: {fileID: 100100000}
  m_GameObject: {fileID: 1671071122454892}
  m_LocalRotation: {x: -0.051432177, y: -0.028126866, z: 0.022293441, w: 0.9980314}
  m_LocalPosition: {x: -9.801188e-19, y: 0.17401688, z: -0.025745139}
  m_LocalScale: {x: 1, y: 1, z: 1}
  m_Children:
  - {fileID: 4685549387968882}
  m_Father: {fileID: 4649960198877914}
  m_RootOrder: 1
  m_LocalEulerAnglesHint: {x: 0, y: 0, z: 0}
--- !u!4 &4358137815452780
Transform:
  m_ObjectHideFlags: 1
  m_PrefabParentObject: {fileID: 0}
  m_PrefabInternal: {fileID: 100100000}
  m_GameObject: {fileID: 1099964125842134}
  m_LocalRotation: {x: 0, y: -0, z: -0, w: 1}
  m_LocalPosition: {x: 2.677822e-13, y: 0.21221687, z: 0.010873643}
  m_LocalScale: {x: 1, y: 1, z: 1}
  m_Children: []
  m_Father: {fileID: 4610018876604434}
  m_RootOrder: 0
  m_LocalEulerAnglesHint: {x: 0, y: 0, z: 0}
--- !u!4 &4359637740939376
Transform:
  m_ObjectHideFlags: 1
  m_PrefabParentObject: {fileID: 0}
  m_PrefabInternal: {fileID: 100100000}
  m_GameObject: {fileID: 1438132114076078}
  m_LocalRotation: {x: -0.09180226, y: -0.20139946, z: 0.12742752, w: 0.9668365}
  m_LocalPosition: {x: 0.024313109, y: -0.0147874495, z: 0.03366806}
  m_LocalScale: {x: 1, y: 1, z: 1}
  m_Children:
  - {fileID: 4780681623520770}
  m_Father: {fileID: 4777856353980464}
  m_RootOrder: 4
  m_LocalEulerAnglesHint: {x: 0, y: 0, z: 0}
--- !u!4 &4374031665875368
Transform:
  m_ObjectHideFlags: 1
  m_PrefabParentObject: {fileID: 0}
  m_PrefabInternal: {fileID: 100100000}
  m_GameObject: {fileID: 1409856490213396}
  m_LocalRotation: {x: 0.041134093, y: -0.1669661, z: -0.022480289, w: 0.9848477}
  m_LocalPosition: {x: -0.09409551, y: -0.011517797, z: -0.025362307}
  m_LocalScale: {x: 1, y: 1, z: 1}
  m_Children:
  - {fileID: 4599079101183950}
  m_Father: {fileID: 4412321097536384}
  m_RootOrder: 2
  m_LocalEulerAnglesHint: {x: 0, y: 0, z: 0}
--- !u!4 &4377537631287098
Transform:
  m_ObjectHideFlags: 1
  m_PrefabParentObject: {fileID: 0}
  m_PrefabInternal: {fileID: 100100000}
  m_GameObject: {fileID: 1490685824722802}
  m_LocalRotation: {x: 0.0000007510044, y: -0.6925582, z: 0.0000015043108, w: 0.721362}
  m_LocalPosition: {x: 0.26852566, y: -2.5266898e-13, z: -0.0013925084}
  m_LocalScale: {x: 1, y: 1, z: 1}
  m_Children:
  - {fileID: 4777856353980464}
  m_Father: {fileID: 4916482030128872}
  m_RootOrder: 0
  m_LocalEulerAnglesHint: {x: 0, y: 0, z: 0}
--- !u!4 &4400065025437746
Transform:
  m_ObjectHideFlags: 1
  m_PrefabParentObject: {fileID: 0}
  m_PrefabInternal: {fileID: 100100000}
  m_GameObject: {fileID: 1426834754763552}
  m_LocalRotation: {x: -0.0001518772, y: 0.00022339294, z: 0.23722395, w: 0.971455}
  m_LocalPosition: {x: -0.03779801, y: -0.0037199184, z: 0.0010844943}
  m_LocalScale: {x: 1, y: 1, z: 1}
  m_Children:
  - {fileID: 4914150031174598}
  m_Father: {fileID: 4938630228198688}
  m_RootOrder: 0
  m_LocalEulerAnglesHint: {x: 0, y: 0, z: 0}
--- !u!4 &4412321097536384
Transform:
  m_ObjectHideFlags: 1
  m_PrefabParentObject: {fileID: 0}
  m_PrefabInternal: {fileID: 100100000}
  m_GameObject: {fileID: 1076890622658786}
  m_LocalRotation: {x: 0.23023058, y: -0.033866454, z: -0.2580818, w: 0.9376784}
  m_LocalPosition: {x: -0.26672626, y: -2.413003e-13, z: 0.0013925084}
  m_LocalScale: {x: 1, y: 1, z: 1}
  m_Children:
  - {fileID: 4035623773666954}
  - {fileID: 4192390571727348}
  - {fileID: 4374031665875368}
  - {fileID: 4938630228198688}
  - {fileID: 4800030724663938}
  m_Father: {fileID: 4846414706843410}
  m_RootOrder: 0
  m_LocalEulerAnglesHint: {x: 0, y: 0, z: 0}
--- !u!4 &4414315664689178
Transform:
  m_ObjectHideFlags: 1
  m_PrefabParentObject: {fileID: 0}
  m_PrefabInternal: {fileID: 100100000}
  m_GameObject: {fileID: 1031809138577878}
  m_LocalRotation: {x: -0.07054727, y: -0.00920701, z: 0.161187, w: 0.98435616}
  m_LocalPosition: {x: 0.0003919301, y: -0.4148097, z: 0.0037011944}
  m_LocalScale: {x: 1, y: 1, z: 1}
  m_Children:
  - {fileID: 4100018113991450}
  m_Father: {fileID: 4179151610861786}
  m_RootOrder: 0
  m_LocalEulerAnglesHint: {x: 0, y: 0, z: 0}
--- !u!4 &4423358747256294
Transform:
  m_ObjectHideFlags: 1
  m_PrefabParentObject: {fileID: 0}
  m_PrefabInternal: {fileID: 100100000}
  m_GameObject: {fileID: 1251971298063158}
  m_LocalRotation: {x: 0.010309917, y: 0.00243168, z: 0.45885265, w: 0.88844925}
  m_LocalPosition: {x: -0.04335985, y: -0.0042932956, z: 0.002021564}
  m_LocalScale: {x: 1, y: 1, z: 1}
  m_Children:
  - {fileID: 4258075802594642}
  m_Father: {fileID: 4192390571727348}
  m_RootOrder: 0
  m_LocalEulerAnglesHint: {x: 0, y: 0, z: 0}
--- !u!4 &4458862270112234
Transform:
  m_ObjectHideFlags: 1
  m_PrefabParentObject: {fileID: 0}
  m_PrefabInternal: {fileID: 100100000}
  m_GameObject: {fileID: 1555501178982370}
  m_LocalRotation: {x: 0, y: -0, z: -0, w: 1}
  m_LocalPosition: {x: -0.021672174, y: -0.00025960352, z: 0.00059542566}
  m_LocalScale: {x: 1, y: 1, z: 1}
  m_Children: []
  m_Father: {fileID: 4292012091587822}
  m_RootOrder: 0
  m_LocalEulerAnglesHint: {x: 0, y: 0, z: 0}
--- !u!4 &4472087559550928
Transform:
  m_ObjectHideFlags: 1
  m_PrefabParentObject: {fileID: 0}
  m_PrefabInternal: {fileID: 100100000}
  m_GameObject: {fileID: 1871466378434258}
  m_LocalRotation: {x: 0, y: -0, z: -0, w: 1}
  m_LocalPosition: {x: 0.000005335695, y: -6.5222545e-15, z: 0.110911444}
  m_LocalScale: {x: 1, y: 1, z: 1}
  m_Children: []
  m_Father: {fileID: 4765686043504962}
  m_RootOrder: 0
  m_LocalEulerAnglesHint: {x: 0, y: 0, z: 0}
--- !u!4 &4479980319933558
Transform:
  m_ObjectHideFlags: 1
  m_PrefabParentObject: {fileID: 0}
  m_PrefabInternal: {fileID: 100100000}
  m_GameObject: {fileID: 1886956409136428}
  m_LocalRotation: {x: 0, y: -0, z: -0, w: 1}
  m_LocalPosition: {x: 0.03451235, y: 0.07910398, z: 0.09407855}
  m_LocalScale: {x: 1, y: 1, z: 1}
  m_Children: []
  m_Father: {fileID: 4610018876604434}
  m_RootOrder: 3
  m_LocalEulerAnglesHint: {x: 0, y: 0, z: 0}
--- !u!4 &4495101655459000
Transform:
  m_ObjectHideFlags: 1
  m_PrefabParentObject: {fileID: 0}
  m_PrefabInternal: {fileID: 100100000}
  m_GameObject: {fileID: 1270967515022596}
  m_LocalRotation: {x: 0.017027186, y: -0.34518394, z: 0.019163929, w: 0.93818486}
  m_LocalPosition: {x: -0.027254377, y: -0.009708722, z: 0.017420558}
  m_LocalScale: {x: 1, y: 1, z: 1}
  m_Children:
  - {fileID: 4229574312529468}
  m_Father: {fileID: 4693060824610300}
  m_RootOrder: 0
  m_LocalEulerAnglesHint: {x: 0, y: 0, z: 0}
--- !u!4 &4500561602964460
Transform:
  m_ObjectHideFlags: 1
  m_PrefabParentObject: {fileID: 0}
  m_PrefabInternal: {fileID: 100100000}
  m_GameObject: {fileID: 1810661190057178}
  m_LocalRotation: {x: -0.01643106, y: 0.0059927567, z: 0.16026647, w: 0.9869188}
  m_LocalPosition: {x: 0.10302616, y: -0.0020051748, z: 0.012937516}
  m_LocalScale: {x: 1, y: 1, z: 1}
  m_Children:
  - {fileID: 4675024935699212}
  m_Father: {fileID: 4777856353980464}
  m_RootOrder: 1
  m_LocalEulerAnglesHint: {x: 0, y: 0, z: 0}
--- !u!4 &4503311646332560
Transform:
  m_ObjectHideFlags: 1
  m_PrefabParentObject: {fileID: 0}
  m_PrefabInternal: {fileID: 100100000}
  m_GameObject: {fileID: 1306475636215206}
  m_LocalRotation: {x: 0, y: -0, z: -0, w: 1}
  m_LocalPosition: {x: -0.000005335695, y: -6.461485e-15, z: 0.110911444}
  m_LocalScale: {x: 1, y: 1, z: 1}
  m_Children: []
  m_Father: {fileID: 4100018113991450}
  m_RootOrder: 0
  m_LocalEulerAnglesHint: {x: 0, y: 0, z: 0}
--- !u!4 &4505267807047946
Transform:
  m_ObjectHideFlags: 1
  m_PrefabParentObject: {fileID: 0}
  m_PrefabInternal: {fileID: 100100000}
  m_GameObject: {fileID: 1733560814986106}
  m_LocalRotation: {x: -0.0030570885, y: 0.0033935574, z: -0.10403665, w: 0.994563}
  m_LocalPosition: {x: 0.10109835, y: -0.004832811, z: -0.0062755737}
  m_LocalScale: {x: 1, y: 1, z: 1}
  m_Children:
  - {fileID: 4966872347700904}
  m_Father: {fileID: 4777856353980464}
  m_RootOrder: 3
  m_LocalEulerAnglesHint: {x: 0, y: 0, z: 0}
--- !u!4 &4525326439030304
Transform:
  m_ObjectHideFlags: 1
  m_PrefabParentObject: {fileID: 0}
  m_PrefabInternal: {fileID: 100100000}
  m_GameObject: {fileID: 1493944399317084}
  m_LocalRotation: {x: 0, y: -0, z: -0, w: 1}
  m_LocalPosition: {x: -0.025271015, y: -0.004574251, z: 0.0012417168}
  m_LocalScale: {x: 1, y: 1, z: 1}
  m_Children: []
  m_Father: {fileID: 4258075802594642}
  m_RootOrder: 0
  m_LocalEulerAnglesHint: {x: 0, y: 0, z: 0}
--- !u!4 &4559545620199198
Transform:
  m_ObjectHideFlags: 1
  m_PrefabParentObject: {fileID: 0}
  m_PrefabInternal: {fileID: 100100000}
  m_GameObject: {fileID: 1047365024597094}
  m_LocalRotation: {x: 0.36638, y: 0.07163482, z: 0.04028559, w: 0.9268286}
  m_LocalPosition: {x: -0.00038939036, y: -0.41857317, z: -0.0009872067}
  m_LocalScale: {x: 1, y: 1, z: 1}
  m_Children:
  - {fileID: 4843475145685540}
  m_Father: {fileID: 4623815616868046}
  m_RootOrder: 0
  m_LocalEulerAnglesHint: {x: 0, y: 0, z: 0}
--- !u!4 &4569455654803398
Transform:
  m_ObjectHideFlags: 1
  m_PrefabParentObject: {fileID: 0}
  m_PrefabInternal: {fileID: 100100000}
  m_GameObject: {fileID: 1780195289813440}
  m_LocalRotation: {x: 0, y: -0, z: -0, w: 1}
  m_LocalPosition: {x: -0, y: 0, z: 0}
  m_LocalScale: {x: 1, y: 1, z: 1}
  m_Children: []
  m_Father: {fileID: 4071127407393736}
  m_RootOrder: 1
  m_LocalEulerAnglesHint: {x: 0, y: 0, z: 0}
--- !u!4 &4599079101183950
Transform:
  m_ObjectHideFlags: 1
  m_PrefabParentObject: {fileID: 0}
  m_PrefabInternal: {fileID: 100100000}
  m_GameObject: {fileID: 1493782033633604}
  m_LocalRotation: {x: -0.00037858324, y: -0.00048020584, z: 0.23539206, w: 0.97190034}
  m_LocalPosition: {x: -0.03163502, y: -0.0015538258, z: 0.0006788874}
  m_LocalScale: {x: 1, y: 1, z: 1}
  m_Children:
  - {fileID: 4292012091587822}
  m_Father: {fileID: 4374031665875368}
  m_RootOrder: 0
  m_LocalEulerAnglesHint: {x: 0, y: 0, z: 0}
--- !u!4 &4610018876604434
Transform:
  m_ObjectHideFlags: 1
  m_PrefabParentObject: {fileID: 0}
  m_PrefabInternal: {fileID: 100100000}
  m_GameObject: {fileID: 1981402550748810}
  m_LocalRotation: {x: -0.14730534, y: -0.09183731, z: 0.012691126, w: 0.9847365}
  m_LocalPosition: {x: 0.0001251066, y: 0.04422667, z: 0.008300678}
  m_LocalScale: {x: 1, y: 1, z: 1}
  m_Children:
  - {fileID: 4358137815452780}
  - {fileID: 4634732012422052}
  - {fileID: 4212711646910084}
  - {fileID: 4479980319933558}
  m_Father: {fileID: 4685549387968882}
  m_RootOrder: 0
  m_LocalEulerAnglesHint: {x: 0, y: 0, z: 0}
--- !u!4 &4623815616868046
Transform:
  m_ObjectHideFlags: 1
  m_PrefabParentObject: {fileID: 0}
  m_PrefabInternal: {fileID: 100100000}
  m_GameObject: {fileID: 1310926016626216}
  m_LocalRotation: {x: -0.30491197, y: 0.13384162, z: 0.09357497, w: 0.9382744}
  m_LocalPosition: {x: 0.0837247, y: -0.045729578, z: -0.014304504}
  m_LocalScale: {x: 1, y: 1, z: 1}
  m_Children:
  - {fileID: 4559545620199198}
  m_Father: {fileID: 4677073416430538}
  m_RootOrder: 1
  m_LocalEulerAnglesHint: {x: 0, y: 0, z: 0}
--- !u!4 &4632071869790738
Transform:
  m_ObjectHideFlags: 1
  m_PrefabParentObject: {fileID: 0}
  m_PrefabInternal: {fileID: 100100000}
  m_GameObject: {fileID: 1545805255733670}
  m_LocalRotation: {x: 0, y: -0, z: -0, w: 1}
  m_LocalPosition: {x: 0.020479236, y: -0.0083149355, z: 0.012539893}
  m_LocalScale: {x: 1, y: 1, z: 1}
  m_Children: []
  m_Father: {fileID: 4025303113785292}
  m_RootOrder: 0
  m_LocalEulerAnglesHint: {x: 0, y: 0, z: 0}
--- !u!4 &4634732012422052
Transform:
  m_ObjectHideFlags: 1
  m_PrefabParentObject: {fileID: 0}
  m_PrefabInternal: {fileID: 100100000}
  m_GameObject: {fileID: 1779966636308884}
  m_LocalRotation: {x: 0, y: -0, z: -0, w: 1}
  m_LocalPosition: {x: -0.00013995386, y: 0.0390194, z: 0.030024353}
  m_LocalScale: {x: 1, y: 1, z: 1}
  m_Children: []
  m_Father: {fileID: 4610018876604434}
  m_RootOrder: 1
  m_LocalEulerAnglesHint: {x: 0, y: 0, z: 0}
--- !u!4 &4647423768667914
Transform:
  m_ObjectHideFlags: 1
  m_PrefabParentObject: {fileID: 0}
  m_PrefabInternal: {fileID: 100100000}
  m_GameObject: {fileID: 1487441588100982}
  m_LocalRotation: {x: -0.00086608593, y: -0.00014974915, z: 0.17738394, w: 0.98414135}
  m_LocalPosition: {x: -0.037538953, y: -0.003364537, z: 0.00050465}
  m_LocalScale: {x: 1, y: 1, z: 1}
  m_Children:
  - {fileID: 4086922822016356}
  m_Father: {fileID: 4035623773666954}
  m_RootOrder: 0
  m_LocalEulerAnglesHint: {x: 0, y: 0, z: 0}
--- !u!4 &4649960198877914
Transform:
  m_ObjectHideFlags: 1
  m_PrefabParentObject: {fileID: 0}
  m_PrefabInternal: {fileID: 100100000}
  m_GameObject: {fileID: 1498648838813368}
  m_LocalRotation: {x: 0.0651063, y: 0.010060601, z: -0.012517681, w: 0.9977491}
  m_LocalPosition: {x: 8.3130095e-19, y: 0.10456582, z: -0.003608407}
  m_LocalScale: {x: 1, y: 1, z: 1}
  m_Children:
  - {fileID: 4919353121994924}
  - {fileID: 4326962162883350}
  - {fileID: 4744505781180682}
  m_Father: {fileID: 4996656242139318}
  m_RootOrder: 0
  m_LocalEulerAnglesHint: {x: 0, y: 0, z: 0}
--- !u!4 &4675024935699212
Transform:
  m_ObjectHideFlags: 1
  m_PrefabParentObject: {fileID: 0}
  m_PrefabInternal: {fileID: 100100000}
  m_GameObject: {fileID: 1288510721806224}
  m_LocalRotation: {x: 0.012790987, y: -0.004150513, z: -0.50339675, w: 0.8639507}
  m_LocalPosition: {x: 0.04335985, y: -0.0042932956, z: 0.002021564}
  m_LocalScale: {x: 1, y: 1, z: 1}
  m_Children:
  - {fileID: 4980531224792396}
  m_Father: {fileID: 4500561602964460}
  m_RootOrder: 0
  m_LocalEulerAnglesHint: {x: 0, y: 0, z: 0}
--- !u!4 &4677073416430538
Transform:
  m_ObjectHideFlags: 1
  m_PrefabParentObject: {fileID: 0}
  m_PrefabInternal: {fileID: 100100000}
  m_GameObject: {fileID: 1831665026406996}
  m_LocalRotation: {x: 0.10050114, y: 0.16390865, z: 0.014239482, w: 0.9812394}
  m_LocalPosition: {x: -0.0019798714, y: 0.9229922, z: -0.008383851}
  m_LocalScale: {x: 1, y: 1, z: 1}
  m_Children:
  - {fileID: 4232435311315588}
  - {fileID: 4623815616868046}
  - {fileID: 4830327636434814}
  m_Father: {fileID: 4220578365262170}
  m_RootOrder: 0
  m_LocalEulerAnglesHint: {x: 0, y: 0, z: 0}
--- !u!4 &4685549387968882
Transform:
  m_ObjectHideFlags: 1
  m_PrefabParentObject: {fileID: 0}
  m_PrefabInternal: {fileID: 100100000}
  m_GameObject: {fileID: 1372306522716668}
  m_LocalRotation: {x: -0.051432595, y: -0.028126977, z: 0.022293517, w: 0.9980314}
  m_LocalPosition: {x: -2.6444243e-19, y: 0.048557527, z: 0.0101405345}
  m_LocalScale: {x: 1, y: 1, z: 1}
  m_Children:
  - {fileID: 4610018876604434}
  m_Father: {fileID: 4326962162883350}
  m_RootOrder: 0
  m_LocalEulerAnglesHint: {x: 0, y: 0, z: 0}
--- !u!4 &4693060824610300
Transform:
  m_ObjectHideFlags: 1
  m_PrefabParentObject: {fileID: 0}
  m_PrefabInternal: {fileID: 100100000}
  m_GameObject: {fileID: 1205955626963092}
  m_LocalRotation: {x: 0.0436301, y: 0.02847153, z: 0.048844505, w: 0.9974468}
  m_LocalPosition: {x: -0.040484056, y: -0.01689327, z: 0.028749147}
  m_LocalScale: {x: 1, y: 1, z: 1}
  m_Children:
  - {fileID: 4495101655459000}
  m_Father: {fileID: 4800030724663938}
  m_RootOrder: 0
  m_LocalEulerAnglesHint: {x: 0, y: 0, z: 0}
--- !u!4 &4702309183205226
Transform:
  m_ObjectHideFlags: 1
  m_PrefabParentObject: {fileID: 0}
  m_PrefabInternal: {fileID: 100100000}
  m_GameObject: {fileID: 1832248801265130}
  m_LocalRotation: {x: 0.00039585592, y: 0.0019838158, z: -0.24514817, w: 0.96948355}
  m_LocalPosition: {x: 0.09409551, y: -0.011517797, z: -0.025362307}
  m_LocalScale: {x: 1, y: 1, z: 1}
  m_Children:
  - {fileID: 4152688560620928}
  m_Father: {fileID: 4777856353980464}
  m_RootOrder: 2
  m_LocalEulerAnglesHint: {x: 0, y: 0, z: 0}
--- !u!4 &4704217981288976
Transform:
  m_ObjectHideFlags: 1
  m_PrefabParentObject: {fileID: 0}
  m_PrefabInternal: {fileID: 100100000}
  m_GameObject: {fileID: 1886633939869590}
  m_LocalRotation: {x: 0, y: -0, z: -0, w: 1}
  m_LocalPosition: {x: 0.021672174, y: -0.00025960352, z: 0.00059542566}
  m_LocalScale: {x: 1, y: 1, z: 1}
  m_Children: []
  m_Father: {fileID: 4856515664639804}
  m_RootOrder: 0
  m_LocalEulerAnglesHint: {x: 0, y: 0, z: 0}
--- !u!4 &4744505781180682
Transform:
  m_ObjectHideFlags: 1
  m_PrefabParentObject: {fileID: 0}
  m_PrefabInternal: {fileID: 100100000}
  m_GameObject: {fileID: 1434094943443098}
  m_LocalRotation: {x: 0.018151222, y: -0.037730824, z: -0.09118579, w: 0.99495333}
  m_LocalPosition: {x: 0.087410346, y: 0.11448292, z: -0.02799426}
  m_LocalScale: {x: 1, y: 1, z: 1}
  m_Children:
  - {fileID: 4916482030128872}
  m_Father: {fileID: 4649960198877914}
  m_RootOrder: 2
  m_LocalEulerAnglesHint: {x: 0, y: 0, z: 0}
--- !u!4 &4752657023127616
Transform:
  m_ObjectHideFlags: 1
  m_PrefabParentObject: {fileID: 0}
  m_PrefabInternal: {fileID: 100100000}
  m_GameObject: {fileID: 1067250396293214}
  m_LocalRotation: {x: 0.039989352, y: 0.19226648, z: 0.44250387, w: 0.8749999}
  m_LocalPosition: {x: -0.09645435, y: 0.013813378, z: -0.024422647}
  m_LocalScale: {x: 1, y: 1, z: 1}
  m_Children:
  - {fileID: 4846414706843410}
  m_Father: {fileID: 4919353121994924}
  m_RootOrder: 0
  m_LocalEulerAnglesHint: {x: 0, y: 0, z: 0}
--- !u!4 &4755723265667514
Transform:
  m_ObjectHideFlags: 1
  m_PrefabParentObject: {fileID: 0}
  m_PrefabInternal: {fileID: 100100000}
  m_GameObject: {fileID: 1824227793563348}
  m_LocalRotation: {x: -0.00026546163, y: 0.0013677909, z: -0.09042857, w: 0.995902}
  m_LocalPosition: {x: 0.028959649, y: -0.0026729733, z: 0.00035963554}
  m_LocalScale: {x: 1, y: 1, z: 1}
  m_Children:
  - {fileID: 4825680943437614}
  m_Father: {fileID: 4979159348014606}
  m_RootOrder: 0
  m_LocalEulerAnglesHint: {x: 0, y: 0, z: 0}
--- !u!4 &4765686043504962
Transform:
  m_ObjectHideFlags: 1
  m_PrefabParentObject: {fileID: 0}
  m_PrefabInternal: {fileID: 100100000}
  m_GameObject: {fileID: 1528687370080660}
  m_LocalRotation: {x: -0.0010786663, y: -0.0000019719619, z: 0.0019102546, w: 0.9999976}
  m_LocalPosition: {x: -0.00009176838, y: -0.12616396, z: 0.12542853}
  m_LocalScale: {x: 1, y: 1, z: 1}
  m_Children:
  - {fileID: 4472087559550928}
  m_Father: {fileID: 4843475145685540}
  m_RootOrder: 0
  m_LocalEulerAnglesHint: {x: 0, y: 0, z: 0}
--- !u!4 &4777856353980464
Transform:
  m_ObjectHideFlags: 1
  m_PrefabParentObject: {fileID: 0}
  m_PrefabInternal: {fileID: 100100000}
  m_GameObject: {fileID: 1157082970115702}
  m_LocalRotation: {x: 0.28209308, y: -0.009341189, z: 0.0050423816, w: 0.9593283}
  m_LocalPosition: {x: 0.26672626, y: -2.4300562e-13, z: 0.0013925084}
  m_LocalScale: {x: 1, y: 1, z: 1}
  m_Children:
  - {fileID: 4908610622743412}
  - {fileID: 4500561602964460}
  - {fileID: 4702309183205226}
  - {fileID: 4505267807047946}
  - {fileID: 4359637740939376}
  m_Father: {fileID: 4377537631287098}
  m_RootOrder: 0
  m_LocalEulerAnglesHint: {x: 0, y: 0, z: 0}
--- !u!4 &4780681623520770
Transform:
  m_ObjectHideFlags: 1
  m_PrefabParentObject: {fileID: 0}
  m_PrefabInternal: {fileID: 100100000}
  m_GameObject: {fileID: 1519253427980378}
  m_LocalRotation: {x: 0.056803055, y: 0.3721415, z: 0.019275967, w: 0.92623574}
  m_LocalPosition: {x: 0.040484056, y: -0.01689327, z: 0.028749147}
  m_LocalScale: {x: 1, y: 1, z: 1}
  m_Children:
  - {fileID: 4025303113785292}
  m_Father: {fileID: 4359637740939376}
  m_RootOrder: 0
  m_LocalEulerAnglesHint: {x: 0, y: 0, z: 0}
--- !u!4 &4800030724663938
Transform:
  m_ObjectHideFlags: 1
  m_PrefabParentObject: {fileID: 0}
  m_PrefabInternal: {fileID: 100100000}
  m_GameObject: {fileID: 1011660543144608}
  m_LocalRotation: {x: 0.016602147, y: -0.011804118, z: 0.021476185, w: 0.99956185}
  m_LocalPosition: {x: -0.024313109, y: -0.0147874495, z: 0.03366806}
  m_LocalScale: {x: 1, y: 1, z: 1}
  m_Children:
  - {fileID: 4693060824610300}
  m_Father: {fileID: 4412321097536384}
  m_RootOrder: 4
  m_LocalEulerAnglesHint: {x: 0, y: 0, z: 0}
--- !u!4 &4825680943437614
Transform:
  m_ObjectHideFlags: 1
  m_PrefabParentObject: {fileID: 0}
  m_PrefabInternal: {fileID: 100100000}
  m_GameObject: {fileID: 1812131842795720}
  m_LocalRotation: {x: 0, y: -0, z: -0, w: 1}
  m_LocalPosition: {x: 0.022911003, y: -0.0012609651, z: 0.0003376062}
  m_LocalScale: {x: 1, y: 1, z: 1}
  m_Children: []
  m_Father: {fileID: 4755723265667514}
  m_RootOrder: 0
  m_LocalEulerAnglesHint: {x: 0, y: 0, z: 0}
--- !u!4 &4830327636434814
Transform:
  m_ObjectHideFlags: 1
  m_PrefabParentObject: {fileID: 0}
  m_PrefabInternal: {fileID: 100100000}
  m_GameObject: {fileID: 1505330183311902}
  m_LocalRotation: {x: 0.020824695, y: 0.0053087077, z: -0.0163536, w: 0.99963534}
  m_LocalPosition: {x: -1.5528248e-19, y: 0.10993836, z: 0.00920555}
  m_LocalScale: {x: 1, y: 1, z: 1}
  m_Children:
  - {fileID: 4996656242139318}
  m_Father: {fileID: 4677073416430538}
  m_RootOrder: 2
  m_LocalEulerAnglesHint: {x: 0, y: 0, z: 0}
--- !u!4 &4843475145685540
Transform:
  m_ObjectHideFlags: 1
  m_PrefabParentObject: {fileID: 0}
  m_PrefabInternal: {fileID: 100100000}
  m_GameObject: {fileID: 1976561306746634}
  m_LocalRotation: {x: -0.10387146, y: 0.007532529, z: -0.1434717, w: 0.98415947}
  m_LocalPosition: {x: -0.0003919203, y: -0.41696802, z: -0.0009936208}
  m_LocalScale: {x: 1, y: 1, z: 1}
  m_Children:
  - {fileID: 4765686043504962}
  m_Father: {fileID: 4559545620199198}
  m_RootOrder: 0
  m_LocalEulerAnglesHint: {x: 0, y: 0, z: 0}
--- !u!4 &4846414706843410
Transform:
  m_ObjectHideFlags: 1
  m_PrefabParentObject: {fileID: 0}
  m_PrefabInternal: {fileID: 100100000}
  m_GameObject: {fileID: 1974593782769558}
  m_LocalRotation: {x: -0.00000019780535, y: 0.66678, z: -0.0000002485367, w: 0.74525464}
  m_LocalPosition: {x: -0.26852566, y: -2.5863754e-13, z: -0.0013925084}
  m_LocalScale: {x: 1, y: 1, z: 1}
  m_Children:
  - {fileID: 4412321097536384}
  m_Father: {fileID: 4752657023127616}
  m_RootOrder: 0
  m_LocalEulerAnglesHint: {x: 0, y: 0, z: 0}
--- !u!4 &4856515664639804
Transform:
  m_ObjectHideFlags: 1
  m_PrefabParentObject: {fileID: 0}
  m_PrefabInternal: {fileID: 100100000}
  m_GameObject: {fileID: 1518387764372160}
  m_LocalRotation: {x: 0.006851026, y: 0.0029112757, z: -0.38437715, w: 0.9231462}
  m_LocalPosition: {x: 0.02361004, y: -0.001064947, z: 0.00050359615}
  m_LocalScale: {x: 1, y: 1, z: 1}
  m_Children:
  - {fileID: 4704217981288976}
  m_Father: {fileID: 4152688560620928}
  m_RootOrder: 0
  m_LocalEulerAnglesHint: {x: 0, y: 0, z: 0}
--- !u!4 &4908610622743412
Transform:
  m_ObjectHideFlags: 1
  m_PrefabParentObject: {fileID: 0}
  m_PrefabInternal: {fileID: 100100000}
  m_GameObject: {fileID: 1373301456026374}
  m_LocalRotation: {x: -0.0054356554, y: 0.00060153886, z: 0.21033674, w: 0.9776137}
  m_LocalPosition: {x: 0.10194989, y: -0.003803608, z: 0.035388622}
  m_LocalScale: {x: 1, y: 1, z: 1}
  m_Children:
  - {fileID: 4979159348014606}
  m_Father: {fileID: 4777856353980464}
  m_RootOrder: 0
  m_LocalEulerAnglesHint: {x: 0, y: 0, z: 0}
--- !u!4 &4914150031174598
Transform:
  m_ObjectHideFlags: 1
  m_PrefabParentObject: {fileID: 0}
  m_PrefabInternal: {fileID: 100100000}
  m_GameObject: {fileID: 1371589792319636}
  m_LocalRotation: {x: 0.0054983036, y: -0.0017412419, z: 0.29938135, w: 0.9541161}
  m_LocalPosition: {x: -0.029449867, y: -0.0019454819, z: 0.0007994651}
  m_LocalScale: {x: 1, y: 1, z: 1}
  m_Children:
  - {fileID: 4323703153862462}
  m_Father: {fileID: 4400065025437746}
  m_RootOrder: 0
  m_LocalEulerAnglesHint: {x: 0, y: 0, z: 0}
--- !u!4 &4916482030128872
Transform:
  m_ObjectHideFlags: 1
  m_PrefabParentObject: {fileID: 0}
  m_PrefabInternal: {fileID: 100100000}
  m_GameObject: {fileID: 1719654184140256}
  m_LocalRotation: {x: -0.03648751, y: -0.20513299, z: -0.49781656, w: 0.8418835}
  m_LocalPosition: {x: 0.09645435, y: 0.013813378, z: -0.024422647}
  m_LocalScale: {x: 1, y: 1, z: 1}
  m_Children:
  - {fileID: 4377537631287098}
  m_Father: {fileID: 4744505781180682}
  m_RootOrder: 0
  m_LocalEulerAnglesHint: {x: 0, y: 0, z: 0}
--- !u!4 &4919353121994924
Transform:
  m_ObjectHideFlags: 1
  m_PrefabParentObject: {fileID: 0}
  m_PrefabInternal: {fileID: 100100000}
  m_GameObject: {fileID: 1667130923900084}
  m_LocalRotation: {x: 0.0006151106, y: -0.044688318, z: 0.09895419, w: 0.9940879}
  m_LocalPosition: {x: -0.087410346, y: 0.11448292, z: -0.02799426}
  m_LocalScale: {x: 1, y: 1, z: 1}
  m_Children:
  - {fileID: 4752657023127616}
  m_Father: {fileID: 4649960198877914}
  m_RootOrder: 0
  m_LocalEulerAnglesHint: {x: 0, y: 0, z: 0}
--- !u!4 &4938630228198688
Transform:
  m_ObjectHideFlags: 1
  m_PrefabParentObject: {fileID: 0}
  m_PrefabInternal: {fileID: 100100000}
  m_GameObject: {fileID: 1352703886849690}
  m_LocalRotation: {x: -0.015548514, y: -0.077423885, z: -0.17236856, w: 0.98186195}
  m_LocalPosition: {x: -0.10109835, y: -0.004832811, z: -0.0062755737}
  m_LocalScale: {x: 1, y: 1, z: 1}
  m_Children:
  - {fileID: 4400065025437746}
  m_Father: {fileID: 4412321097536384}
  m_RootOrder: 3
  m_LocalEulerAnglesHint: {x: 0, y: 0, z: 0}
--- !u!4 &4966872347700904
Transform:
  m_ObjectHideFlags: 1
  m_PrefabParentObject: {fileID: 0}
  m_PrefabInternal: {fileID: 100100000}
  m_GameObject: {fileID: 1584548224409808}
  m_LocalRotation: {x: -0.004642065, y: 0.00047244658, z: -0.074271336, w: 0.9972272}
  m_LocalPosition: {x: 0.03779801, y: -0.0037199184, z: 0.0010844943}
  m_LocalScale: {x: 1, y: 1, z: 1}
  m_Children:
  - {fileID: 4196929040468616}
  m_Father: {fileID: 4505267807047946}
  m_RootOrder: 0
  m_LocalEulerAnglesHint: {x: 0, y: 0, z: 0}
--- !u!4 &4979159348014606
Transform:
  m_ObjectHideFlags: 1
  m_PrefabParentObject: {fileID: 0}
  m_PrefabInternal: {fileID: 100100000}
  m_GameObject: {fileID: 1686129406541852}
  m_LocalRotation: {x: 0.0018450872, y: 0.000041448664, z: -0.38042396, w: 0.92481035}
  m_LocalPosition: {x: 0.037538953, y: -0.003364537, z: 0.00050465}
  m_LocalScale: {x: 1, y: 1, z: 1}
  m_Children:
  - {fileID: 4755723265667514}
  m_Father: {fileID: 4908610622743412}
  m_RootOrder: 0
  m_LocalEulerAnglesHint: {x: 0, y: 0, z: 0}
--- !u!4 &4980531224792396
Transform:
  m_ObjectHideFlags: 1
  m_PrefabParentObject: {fileID: 0}
  m_PrefabInternal: {fileID: 100100000}
  m_GameObject: {fileID: 1002014700895882}
  m_LocalRotation: {x: 0.010909009, y: 0.0015569273, z: -0.33903503, w: 0.94070923}
  m_LocalPosition: {x: 0.0331497, y: -0.0030283886, z: 0.0014815901}
  m_LocalScale: {x: 1, y: 1, z: 1}
  m_Children:
  - {fileID: 4289910069061106}
  m_Father: {fileID: 4675024935699212}
  m_RootOrder: 0
  m_LocalEulerAnglesHint: {x: 0, y: 0, z: 0}
--- !u!4 &4996656242139318
Transform:
  m_ObjectHideFlags: 1
  m_PrefabParentObject: {fileID: 0}
  m_PrefabInternal: {fileID: 100100000}
  m_GameObject: {fileID: 1066882674218368}
  m_LocalRotation: {x: 0.065003194, y: 0.011054695, z: -0.0121979425, w: 0.99774927}
  m_LocalPosition: {x: 4.578287e-19, y: 0.11313995, z: 0.006599938}
  m_LocalScale: {x: 1, y: 1, z: 1}
  m_Children:
  - {fileID: 4649960198877914}
  m_Father: {fileID: 4830327636434814}
  m_RootOrder: 0
  m_LocalEulerAnglesHint: {x: 0, y: 0, z: 0}
--- !u!54 &54838002406615640
Rigidbody:
  m_ObjectHideFlags: 1
  m_PrefabParentObject: {fileID: 0}
  m_PrefabInternal: {fileID: 100100000}
  m_GameObject: {fileID: 1129630271640090}
  serializedVersion: 2
  m_Mass: 1
  m_Drag: 0
  m_AngularDrag: 0.05
  m_UseGravity: 1
  m_IsKinematic: 0
  m_Interpolate: 0
  m_Constraints: 16
  m_CollisionDetection: 0
--- !u!65 &65808474765764236
BoxCollider:
  m_ObjectHideFlags: 1
  m_PrefabParentObject: {fileID: 0}
  m_PrefabInternal: {fileID: 100100000}
  m_GameObject: {fileID: 1129630271640090}
  m_Material: {fileID: 0}
  m_IsTrigger: 0
  m_Enabled: 1
  serializedVersion: 2
  m_Size: {x: 1, y: 1.7448692, z: 0.9189911}
  m_Center: {x: 0, y: 0.8761616, z: 0.111335754}
--- !u!82 &82943847353382510
AudioSource:
  m_ObjectHideFlags: 1
  m_PrefabParentObject: {fileID: 0}
  m_PrefabInternal: {fileID: 100100000}
  m_GameObject: {fileID: 1129630271640090}
  m_Enabled: 1
  serializedVersion: 4
  OutputAudioMixerGroup: {fileID: 0}
  m_audioClip: {fileID: 8300000, guid: 4925acbd050eccd4aa78b366192e2c75, type: 3}
  m_PlayOnAwake: 1
  m_Volume: 0.3
  m_Pitch: 1
  Loop: 1
  Mute: 0
  Spatialize: 0
  SpatializePostEffects: 0
  Priority: 128
  DopplerLevel: 1
  MinDistance: 1
  MaxDistance: 200
  Pan2D: 0
  rolloffMode: 1
  BypassEffects: 0
  BypassListenerEffects: 0
  BypassReverbZones: 0
  rolloffCustomCurve:
    serializedVersion: 2
    m_Curve:
    - serializedVersion: 2
      time: 0
      value: 1
      inSlope: 0
      outSlope: 0
      tangentMode: 0
    - serializedVersion: 2
      time: 1
      value: 0
      inSlope: 0
      outSlope: 0
      tangentMode: 0
    m_PreInfinity: 2
    m_PostInfinity: 2
    m_RotationOrder: 4
  panLevelCustomCurve:
    serializedVersion: 2
    m_Curve:
    - serializedVersion: 2
      time: 0
      value: 0
      inSlope: 0
      outSlope: 0
      tangentMode: 0
    m_PreInfinity: 2
    m_PostInfinity: 2
    m_RotationOrder: 0
  spreadCustomCurve:
    serializedVersion: 2
    m_Curve:
    - serializedVersion: 2
      time: 0
      value: 0
      inSlope: 0
      outSlope: 0
      tangentMode: 0
    m_PreInfinity: 2
    m_PostInfinity: 2
    m_RotationOrder: 0
  reverbZoneMixCustomCurve:
    serializedVersion: 2
    m_Curve:
    - serializedVersion: 2
      time: 0
      value: 1
      inSlope: 0
      outSlope: 0
      tangentMode: 0
    m_PreInfinity: 2
    m_PostInfinity: 2
    m_RotationOrder: 0
--- !u!95 &95785391680285378
Animator:
  serializedVersion: 3
  m_ObjectHideFlags: 1
  m_PrefabParentObject: {fileID: 0}
  m_PrefabInternal: {fileID: 100100000}
  m_GameObject: {fileID: 1129630271640090}
  m_Enabled: 1
  m_Avatar: {fileID: 9000000, guid: 0b5e43b32f086b046a421f3bec9c30ea, type: 3}
  m_Controller: {fileID: 9100000, guid: 9022c42eb7279b949ba74733e4eaf884, type: 2}
  m_CullingMode: 1
  m_UpdateMode: 0
  m_ApplyRootMotion: 0
  m_LinearVelocityBlending: 0
  m_WarningMessage: 
  m_HasTransformHierarchy: 1
  m_AllowConstantClipSamplingOptimization: 1
--- !u!114 &114617479294343804
MonoBehaviour:
  m_ObjectHideFlags: 1
  m_PrefabParentObject: {fileID: 0}
  m_PrefabInternal: {fileID: 100100000}
  m_GameObject: {fileID: 1129630271640090}
  m_Enabled: 1
  m_EditorHideFlags: 0
  m_Script: {fileID: 11500000, guid: 8ac8ac15026ccc04d870235072fc0d40, type: 3}
  m_Name: 
  m_EditorClassIdentifier: 
  health: 20
  Objetivo: {fileID: 0}
  distanciaN: 300
  distanciaA: 2
--- !u!137 &137761338736977102
SkinnedMeshRenderer:
  m_ObjectHideFlags: 1
  m_PrefabParentObject: {fileID: 0}
  m_PrefabInternal: {fileID: 100100000}
  m_GameObject: {fileID: 1555307383741216}
  m_Enabled: 1
  m_CastShadows: 1
  m_ReceiveShadows: 1
  m_DynamicOccludee: 1
  m_MotionVectors: 1
  m_LightProbeUsage: 1
  m_ReflectionProbeUsage: 1
  m_Materials:
  - {fileID: 2100002, guid: 0b5e43b32f086b046a421f3bec9c30ea, type: 3}
  m_StaticBatchInfo:
    firstSubMesh: 0
    subMeshCount: 0
  m_StaticBatchRoot: {fileID: 0}
  m_ProbeAnchor: {fileID: 0}
  m_LightProbeVolumeOverride: {fileID: 0}
  m_ScaleInLightmap: 1
  m_PreserveUVs: 0
  m_IgnoreNormalsForChartDetection: 0
  m_ImportantGI: 0
  m_StitchLightmapSeams: 0
  m_SelectedEditorRenderState: 3
  m_MinimumChartSize: 4
  m_AutoUVMaxDistance: 0.5
  m_AutoUVMaxAngle: 89
  m_LightmapParameters: {fileID: 0}
  m_SortingLayerID: 0
  m_SortingLayer: 0
  m_SortingOrder: 0
  serializedVersion: 2
  m_Quality: 0
  m_UpdateWhenOffscreen: 0
  m_SkinnedMotionVectors: 1
  m_Mesh: {fileID: 4300002, guid: 0b5e43b32f086b046a421f3bec9c30ea, type: 3}
  m_Bones:
  - {fileID: 4996656242139318}
  - {fileID: 4649960198877914}
  - {fileID: 4326962162883350}
  - {fileID: 4685549387968882}
  - {fileID: 4610018876604434}
  - {fileID: 4744505781180682}
  - {fileID: 4919353121994924}
  - {fileID: 4634732012422052}
  - {fileID: 4212711646910084}
  - {fileID: 4479980319933558}
  m_BlendShapeWeights: []
  m_RootBone: {fileID: 4996656242139318}
  m_AABB:
    m_Center: {x: -0.008851752, y: 0.39028704, z: 0.016861573}
    m_Extent: {x: 0.13963708, y: 0.24619734, z: 0.20574193}
  m_DirtyAABB: 0
--- !u!137 &137950039997934194
SkinnedMeshRenderer:
  m_ObjectHideFlags: 1
  m_PrefabParentObject: {fileID: 0}
  m_PrefabInternal: {fileID: 100100000}
  m_GameObject: {fileID: 1780195289813440}
  m_Enabled: 1
  m_CastShadows: 1
  m_ReceiveShadows: 1
  m_DynamicOccludee: 1
  m_MotionVectors: 1
  m_LightProbeUsage: 1
  m_ReflectionProbeUsage: 1
  m_Materials:
  - {fileID: 2100000, guid: 0b5e43b32f086b046a421f3bec9c30ea, type: 3}
  m_StaticBatchInfo:
    firstSubMesh: 0
    subMeshCount: 0
  m_StaticBatchRoot: {fileID: 0}
  m_ProbeAnchor: {fileID: 0}
  m_LightProbeVolumeOverride: {fileID: 0}
  m_ScaleInLightmap: 1
  m_PreserveUVs: 0
  m_IgnoreNormalsForChartDetection: 0
  m_ImportantGI: 0
  m_StitchLightmapSeams: 0
  m_SelectedEditorRenderState: 3
  m_MinimumChartSize: 4
  m_AutoUVMaxDistance: 0.5
  m_AutoUVMaxAngle: 89
  m_LightmapParameters: {fileID: 0}
  m_SortingLayerID: 0
  m_SortingLayer: 0
  m_SortingOrder: 0
  serializedVersion: 2
  m_Quality: 0
  m_UpdateWhenOffscreen: 0
  m_SkinnedMotionVectors: 1
  m_Mesh: {fileID: 4300000, guid: 0b5e43b32f086b046a421f3bec9c30ea, type: 3}
  m_Bones:
  - {fileID: 4677073416430538}
  - {fileID: 4830327636434814}
  - {fileID: 4996656242139318}
  - {fileID: 4649960198877914}
  - {fileID: 4326962162883350}
  - {fileID: 4685549387968882}
  - {fileID: 4610018876604434}
  - {fileID: 4358137815452780}
  - {fileID: 4634732012422052}
  - {fileID: 4212711646910084}
  - {fileID: 4479980319933558}
  - {fileID: 4744505781180682}
  - {fileID: 4916482030128872}
  - {fileID: 4377537631287098}
  - {fileID: 4777856353980464}
  - {fileID: 4702309183205226}
  - {fileID: 4152688560620928}
  - {fileID: 4856515664639804}
  - {fileID: 4704217981288976}
  - {fileID: 4505267807047946}
  - {fileID: 4966872347700904}
  - {fileID: 4196929040468616}
  - {fileID: 4268069390405812}
  - {fileID: 4500561602964460}
  - {fileID: 4675024935699212}
  - {fileID: 4980531224792396}
  - {fileID: 4289910069061106}
  - {fileID: 4908610622743412}
  - {fileID: 4979159348014606}
  - {fileID: 4755723265667514}
  - {fileID: 4825680943437614}
  - {fileID: 4359637740939376}
  - {fileID: 4780681623520770}
  - {fileID: 4025303113785292}
  - {fileID: 4632071869790738}
  - {fileID: 4919353121994924}
  - {fileID: 4752657023127616}
  - {fileID: 4846414706843410}
  - {fileID: 4412321097536384}
  - {fileID: 4800030724663938}
  - {fileID: 4693060824610300}
  - {fileID: 4495101655459000}
  - {fileID: 4229574312529468}
  - {fileID: 4035623773666954}
  - {fileID: 4647423768667914}
  - {fileID: 4086922822016356}
  - {fileID: 4272372743928714}
  - {fileID: 4192390571727348}
  - {fileID: 4423358747256294}
  - {fileID: 4258075802594642}
  - {fileID: 4525326439030304}
  - {fileID: 4938630228198688}
  - {fileID: 4400065025437746}
  - {fileID: 4914150031174598}
  - {fileID: 4323703153862462}
  - {fileID: 4374031665875368}
  - {fileID: 4599079101183950}
  - {fileID: 4292012091587822}
  - {fileID: 4458862270112234}
  - {fileID: 4623815616868046}
  - {fileID: 4559545620199198}
  - {fileID: 4843475145685540}
  - {fileID: 4765686043504962}
  - {fileID: 4472087559550928}
  - {fileID: 4232435311315588}
  - {fileID: 4179151610861786}
  - {fileID: 4414315664689178}
  - {fileID: 4100018113991450}
  - {fileID: 4503311646332560}
  m_BlendShapeWeights: []
  m_RootBone: {fileID: 4677073416430538}
  m_AABB:
    m_Center: {x: -0.04261516, y: -0.031991422, z: 0.10863784}
    m_Extent: {x: 0.46379822, y: 0.91416186, z: 0.39863583}
  m_DirtyAABB: 0
--- !u!195 &195035381830308424
NavMeshAgent:
  m_ObjectHideFlags: 1
  m_PrefabParentObject: {fileID: 0}
  m_PrefabInternal: {fileID: 100100000}
  m_GameObject: {fileID: 1129630271640090}
  m_Enabled: 1
  m_AgentTypeID: 0
  m_Radius: 0.5
  m_Speed: 5
  m_Acceleration: 8
  avoidancePriority: 50
  m_AngularSpeed: 120
  m_StoppingDistance: 0
  m_AutoTraverseOffMeshLink: 1
  m_AutoBraking: 1
  m_AutoRepath: 1
  m_Height: 1.8
  m_BaseOffset: 0
  m_WalkableMask: 4294967295
  m_ObstacleAvoidanceType: 4
